Agent ID, Message, Buy/Sell, Order ID, Original Quantity, Price, Type, Leaves Quantity, Trade Price, Aggressor, Trade Match ID
1354295221523, 1,1,1354295221531,2,100.25,Limit,2
1354295221523, 1,1,1354295221534,1,100.25,Limit,1
1354295221523, 1,1,1354295221535,2,100.5,Limit,2
1354295221523, 1,1,1354295221535,1,100.0,Limit,1
1354295221523, 1,1,1354295221535,2,100.75,Limit,2
1354295221523, 1,1,1354295221535,1,99.75,Limit,1
1354295221523, 1,1,1354295221535,2,101.0,Limit,2
1354295221523, 1,1,1354295221535,1,99.5,Limit,1
1354295221523, 1,1,1354295221536,2,101.25,Limit,2
1354295221523, 1,1,1354295221536,1,99.25,Limit,1
1354295221523, 1,1,1354295221536,2,101.5,Limit,2
1354295221523, 1,1,1354295221536,1,99.0,Limit,1
1354295221523, 1,1,1354295221536,2,101.75,Limit,2
1354295221523, 1,1,1354295221537,1,98.75,Limit,1
1354295221523, 1,1,1354295221537,2,102.0,Limit,2
1354295221523, 1,1,1354295221537,1,98.5,Limit,1
1354295221523, 1,1,1354295221537,2,102.25,Limit,2
1354295221523, 1,1,1354295221537,1,98.25,Limit,1
1354295221523, 1,1,1354295221538,2,102.5,Limit,2
1354295221522, 1,1,1354295221545,2,100.25,Limit,2
1354295221522, 1,1,1354295221546,1,100.25,Limit,1
1354295221522, 1,1,1354295221546,2,100.5,Limit,2
1354295221522, 1,1,1354295221546,1,100.0,Limit,1
1354295221522, 1,1,1354295221546,2,100.75,Limit,2
1354295221522, 1,1,1354295221547,1,99.75,Limit,1
1354295221522, 1,1,1354295221547,2,101.0,Limit,2
1354295221522, 1,1,1354295221547,1,99.5,Limit,1
1354295221522, 1,1,1354295221547,2,101.25,Limit,2
1354295221522, 1,1,1354295221548,1,99.25,Limit,1
1354295221522, 1,1,1354295221548,2,101.5,Limit,2
1354295221522, 1,1,1354295221548,1,99.0,Limit,1
1354295221522, 1,1,1354295221551,2,101.75,Limit,2
1354295221522, 1,1,1354295221551,1,98.75,Limit,1
1354295221522, 1,1,1354295221552,2,102.0,Limit,2
1354295221522, 1,1,1354295221552,1,98.5,Limit,1
1354295221522, 1,1,1354295221552,2,102.25,Limit,2
1354295221522, 1,1,1354295221552,1,98.25,Limit,1
1354295221522, 1,1,1354295221552,2,102.5,Limit,2
1354295221521, 1,1,1354295221573,2,100.25,Limit,2
1354295221521, 1,1,1354295221574,1,100.25,Limit,1
1354295221521, 1,1,1354295221574,2,100.5,Limit,2
1354295221521, 1,1,1354295221574,1,100.0,Limit,1
1354295221521, 1,1,1354295221574,2,100.75,Limit,2
1354295221521, 1,1,1354295221575,1,99.75,Limit,1
1354295221521, 1,1,1354295221575,2,101.0,Limit,2
1354295221521, 1,1,1354295221575,1,99.5,Limit,1
1354295221521, 1,1,1354295221575,2,101.25,Limit,2
1354295221521, 1,1,1354295221576,1,99.25,Limit,1
1354295221521, 1,1,1354295221576,2,101.5,Limit,2
1354295221521, 1,1,1354295221576,1,99.0,Limit,1
1354295221521, 1,1,1354295221576,2,101.75,Limit,2
1354295221521, 1,1,1354295221576,1,98.75,Limit,1
1354295221521, 1,1,1354295221577,2,102.0,Limit,2
1354295221521, 1,1,1354295221577,1,98.5,Limit,1
1354295221521, 1,1,1354295221577,2,102.25,Limit,2
1354295221521, 1,1,1354295221577,1,98.25,Limit,1
1354295221521, 1,1,1354295221578,2,102.5,Limit,2
1354295221521, 1,2,1354295221578,2,0.0,Market,2
1354295221521, 3,2,1354295221578,2,0.0,Market,0
1354295221523, 1,1,1354295221579,2,100.0,Limit,2
1354295221523, 1,1,1354295221579,1,100.5,Limit,1
1354295221523, 1,1,1354295221579,2,99.75,Limit,2
1354295221523, 1,1,1354295221579,1,100.75,Limit,1
1354295221523, 1,1,1354295221580,2,99.5,Limit,2
1354295221523, 1,1,1354295221580,1,101.0,Limit,1
1354295221523, 1,1,1354295221580,2,99.25,Limit,2
1354295221523, 1,1,1354295221580,1,101.25,Limit,1
1354295221523, 1,1,1354295221581,2,99.0,Limit,2
1354295221523, 1,1,1354295221581,1,101.5,Limit,1
1354295221523, 1,1,1354295221581,2,98.75,Limit,2
1354295221523, 1,1,1354295221582,1,101.75,Limit,1
1354295221523, 1,1,1354295221582,2,98.5,Limit,2
1354295221523, 1,1,1354295221582,1,102.0,Limit,1
1354295221523, 1,1,1354295221582,2,98.25,Limit,2
1354295221523, 1,1,1354295221583,1,102.25,Limit,1
1354295221523, 1,1,1354295221583,2,98.0,Limit,2
1354295221523, 1,1,1354295221583,1,102.5,Limit,1
1354295221523, 1,1,1354295221583,2,97.75,Limit,2
1354295221523, 1,1,1354295221590,2,100.25,Limit,2
1354295221523, 1,1,1354295221590,1,100.25,Limit,1
1354295221523, 1,1,1354295221591,2,100.5,Limit,2
1354295221523, 1,1,1354295221591,1,100.0,Limit,1
1354295221523, 1,1,1354295221591,2,100.75,Limit,2
1354295221523, 1,1,1354295221592,1,99.75,Limit,1
1354295221523, 1,1,1354295221592,2,101.0,Limit,2
1354295221523, 1,1,1354295221592,1,99.5,Limit,1
1354295221523, 1,1,1354295221593,2,101.25,Limit,2
1354295221523, 1,1,1354295221593,1,99.25,Limit,1
1354295221523, 1,1,1354295221593,2,101.5,Limit,2
1354295221523, 1,1,1354295221593,1,99.0,Limit,1
1354295221523, 1,1,1354295221594,2,101.75,Limit,2
1354295221523, 1,1,1354295221594,1,98.75,Limit,1
1354295221523, 1,1,1354295221594,2,102.0,Limit,2
1354295221523, 1,1,1354295221595,1,98.5,Limit,1
1354295221523, 1,1,1354295221595,2,102.25,Limit,2
1354295221523, 1,1,1354295221595,1,98.25,Limit,1
1354295221523, 1,1,1354295221595,2,102.5,Limit,2
1354295221522, 1,1,1354295221603,2,100.0,Limit,2
1354295221522, 1,1,1354295221603,1,100.5,Limit,1
1354295221522, 1,1,1354295221603,2,99.75,Limit,2
1354295221522, 1,1,1354295221604,1,100.75,Limit,1
1354295221522, 1,1,1354295221604,2,99.5,Limit,2
1354295221522, 1,1,1354295221604,1,101.0,Limit,1
1354295221522, 1,1,1354295221604,2,99.25,Limit,2
1354295221522, 1,1,1354295221605,1,101.25,Limit,1
1354295221522, 1,1,1354295221605,2,99.0,Limit,2
1354295221522, 1,1,1354295221605,1,101.5,Limit,1
1354295221522, 1,1,1354295221605,2,98.75,Limit,2
1354295221522, 1,1,1354295221606,1,101.75,Limit,1
1354295221522, 1,1,1354295221606,2,98.5,Limit,2
1354295221522, 1,1,1354295221606,1,102.0,Limit,1
1354295221522, 1,1,1354295221607,2,98.25,Limit,2
1354295221522, 1,1,1354295221607,1,102.25,Limit,1
1354295221522, 1,1,1354295221607,2,98.0,Limit,2
1354295221522, 1,1,1354295221607,1,102.5,Limit,1
1354295221522, 1,1,1354295221608,2,97.75,Limit,2
1354295221523, 1,1,1354295221619,2,100.0,Limit,2
1354295221523, 1,1,1354295221620,1,100.5,Limit,1
1354295221523, 1,1,1354295221620,2,99.75,Limit,2
1354295221523, 1,1,1354295221620,1,100.75,Limit,1
1354295221523, 1,1,1354295221621,2,99.5,Limit,2
1354295221523, 1,1,1354295221621,1,101.0,Limit,1
1354295221523, 1,1,1354295221621,2,99.25,Limit,2
1354295221523, 1,1,1354295221621,1,101.25,Limit,1
1354295221523, 1,1,1354295221622,2,99.0,Limit,2
1354295221523, 1,1,1354295221622,1,101.5,Limit,1
1354295221523, 1,1,1354295221622,2,98.75,Limit,2
1354295221523, 1,1,1354295221622,1,101.75,Limit,1
1354295221523, 1,1,1354295221623,2,98.5,Limit,2
1354295221523, 1,1,1354295221623,1,102.0,Limit,1
1354295221523, 1,1,1354295221623,2,98.25,Limit,2
1354295221523, 1,1,1354295221623,1,102.25,Limit,1
1354295221523, 1,1,1354295221624,2,98.0,Limit,2
1354295221523, 1,1,1354295221624,1,102.5,Limit,1
1354295221523, 1,1,1354295221624,2,97.75,Limit,2
1354295221524, 1,1,1354295221624,2,100.0,Limit,2
1354295221524, 1,1,1354295221625,1,100.5,Limit,1
1354295221524, 1,1,1354295221625,2,99.75,Limit,2
1354295221524, 1,1,1354295221625,1,100.75,Limit,1
1354295221524, 1,1,1354295221625,2,99.5,Limit,2
1354295221524, 1,1,1354295221626,1,101.0,Limit,1
1354295221524, 1,1,1354295221626,2,99.25,Limit,2
1354295221524, 1,1,1354295221626,1,101.25,Limit,1
1354295221524, 1,1,1354295221626,2,99.0,Limit,2
1354295221524, 1,1,1354295221627,1,101.5,Limit,1
1354295221524, 1,1,1354295221627,2,98.75,Limit,2
1354295221524, 1,1,1354295221627,1,101.75,Limit,1
1354295221524, 1,1,1354295221627,2,98.5,Limit,2
1354295221524, 1,1,1354295221628,1,102.0,Limit,1
1354295221524, 1,1,1354295221628,2,98.25,Limit,2
1354295221524, 1,1,1354295221628,1,102.25,Limit,1
1354295221524, 1,1,1354295221628,2,98.0,Limit,2
1354295221524, 1,1,1354295221629,1,102.5,Limit,1
1354295221524, 1,1,1354295221629,2,97.75,Limit,2
1354295221523, 1,1,1354295221632,2,100.25,Limit,2
1354295221523, 1,1,1354295221633,1,100.25,Limit,1
1354295221523, 1,1,1354295221633,2,100.5,Limit,2
1354295221523, 1,1,1354295221633,1,100.0,Limit,1
1354295221523, 1,1,1354295221633,2,100.75,Limit,2
1354295221523, 1,1,1354295221634,1,99.75,Limit,1
1354295221523, 1,1,1354295221634,2,101.0,Limit,2
1354295221523, 1,1,1354295221634,1,99.5,Limit,1
1354295221523, 1,1,1354295221634,2,101.25,Limit,2
1354295221523, 1,1,1354295221635,1,99.25,Limit,1
1354295221523, 1,1,1354295221635,2,101.5,Limit,2
1354295221523, 1,1,1354295221635,1,99.0,Limit,1
1354295221523, 1,1,1354295221635,2,101.75,Limit,2
1354295221523, 1,1,1354295221636,1,98.75,Limit,1
1354295221523, 1,1,1354295221636,2,102.0,Limit,2
1354295221523, 1,1,1354295221636,1,98.5,Limit,1
1354295221523, 1,1,1354295221636,2,102.25,Limit,2
1354295221523, 1,1,1354295221637,1,98.25,Limit,1
1354295221523, 1,1,1354295221637,2,102.5,Limit,2
1354295221524, 1,1,1354295221643,2,100.0,Limit,2
1354295221524, 1,1,1354295221643,1,100.5,Limit,1
1354295221524, 1,1,1354295221644,2,99.75,Limit,2
1354295221524, 1,1,1354295221644,1,100.75,Limit,1
1354295221524, 1,1,1354295221644,2,99.5,Limit,2
1354295221524, 1,1,1354295221645,1,101.0,Limit,1
1354295221524, 1,1,1354295221645,2,99.25,Limit,2
1354295221524, 1,1,1354295221645,1,101.25,Limit,1
1354295221524, 1,1,1354295221645,2,99.0,Limit,2
1354295221524, 1,1,1354295221646,1,101.5,Limit,1
1354295221524, 1,1,1354295221646,2,98.75,Limit,2
1354295221524, 1,1,1354295221646,1,101.75,Limit,1
1354295221524, 1,1,1354295221646,2,98.5,Limit,2
1354295221524, 1,1,1354295221647,1,102.0,Limit,1
1354295221524, 1,1,1354295221647,2,98.25,Limit,2
1354295221524, 1,1,1354295221647,1,102.25,Limit,1
1354295221524, 1,1,1354295221647,2,98.0,Limit,2
1354295221524, 1,1,1354295221648,1,102.5,Limit,1
1354295221524, 1,1,1354295221648,2,97.75,Limit,2
1354295221521, 1,1,1354295221670,2,100.0,Limit,2
1354295221521, 1,1,1354295221670,1,100.5,Limit,1
1354295221521, 1,1,1354295221671,2,99.75,Limit,2
1354295221521, 1,1,1354295221671,1,100.75,Limit,1
1354295221521, 1,1,1354295221671,2,99.5,Limit,2
1354295221521, 1,1,1354295221671,1,101.0,Limit,1
1354295221521, 1,1,1354295221672,2,99.25,Limit,2
1354295221521, 1,1,1354295221672,1,101.25,Limit,1
1354295221521, 1,1,1354295221672,2,99.0,Limit,2
1354295221521, 1,1,1354295221672,1,101.5,Limit,1
1354295221521, 1,1,1354295221673,2,98.75,Limit,2
1354295221521, 1,1,1354295221673,1,101.75,Limit,1
1354295221521, 1,1,1354295221673,2,98.5,Limit,2
1354295221521, 1,1,1354295221673,1,102.0,Limit,1
1354295221521, 1,1,1354295221674,2,98.25,Limit,2
1354295221521, 1,1,1354295221674,1,102.25,Limit,1
1354295221521, 1,1,1354295221674,2,98.0,Limit,2
1354295221521, 1,1,1354295221675,1,102.5,Limit,1
1354295221521, 1,1,1354295221675,2,97.75,Limit,2
1354295221523, 1,1,1354295221681,2,100.0,Limit,2
1354295221523, 1,1,1354295221682,1,100.5,Limit,1
1354295221523, 1,1,1354295221685,2,99.75,Limit,2
1354295221523, 1,1,1354295221686,1,100.75,Limit,1
1354295221523, 1,1,1354295221686,2,99.5,Limit,2
1354295221523, 1,1,1354295221686,1,101.0,Limit,1
1354295221523, 1,1,1354295221687,2,99.25,Limit,2
1354295221523, 1,1,1354295221687,1,101.25,Limit,1
1354295221523, 1,1,1354295221687,2,99.0,Limit,2
1354295221523, 1,1,1354295221688,1,101.5,Limit,1
1354295221523, 1,1,1354295221688,2,98.75,Limit,2
1354295221523, 1,1,1354295221688,1,101.75,Limit,1
1354295221523, 1,1,1354295221689,2,98.5,Limit,2
1354295221523, 1,1,1354295221689,1,102.0,Limit,1
1354295221523, 1,1,1354295221689,2,98.25,Limit,2
1354295221523, 1,1,1354295221690,1,102.25,Limit,1
1354295221523, 1,1,1354295221690,2,98.0,Limit,2
1354295221523, 1,1,1354295221692,1,102.5,Limit,1
1354295221523, 1,1,1354295221693,2,97.75,Limit,2
1354295221521, 1,1,1354295221694,2,100.0,Limit,2
1354295221521, 1,1,1354295221694,1,100.5,Limit,1
1354295221521, 1,1,1354295221695,2,99.75,Limit,2
1354295221521, 1,1,1354295221711,1,100.75,Limit,1
1354295221521, 1,1,1354295221711,2,99.5,Limit,2
1354295221521, 1,1,1354295221711,1,101.0,Limit,1
1354295221521, 1,1,1354295221719,2,99.25,Limit,2
1354295221521, 1,1,1354295221719,1,101.25,Limit,1
1354295221521, 1,1,1354295221720,2,99.0,Limit,2
1354295221521, 1,1,1354295221720,1,101.5,Limit,1
1354295221521, 1,1,1354295221720,2,98.75,Limit,2
1354295221521, 1,1,1354295221720,1,101.75,Limit,1
1354295221521, 1,1,1354295221721,2,98.5,Limit,2
1354295221521, 1,1,1354295221721,1,102.0,Limit,1
1354295221521, 1,1,1354295221721,2,98.25,Limit,2
1354295221521, 1,1,1354295221721,1,102.25,Limit,1
1354295221521, 1,1,1354295221722,2,98.0,Limit,2
1354295221521, 1,1,1354295221722,1,102.5,Limit,1
1354295221521, 1,1,1354295221722,2,97.75,Limit,2
1354295221517, 1,1,1354295221723,2,100.0,Limit,2
1354295221517, 1,1,1354295221723,1,100.5,Limit,1
1354295221517, 1,1,1354295221723,2,99.75,Limit,2
1354295221517, 1,1,1354295221724,1,100.75,Limit,1
1354295221517, 1,1,1354295221724,2,99.5,Limit,2
1354295221517, 1,1,1354295221724,1,101.0,Limit,1
1354295221517, 1,1,1354295221727,2,99.25,Limit,2
1354295221517, 1,1,1354295221727,1,101.25,Limit,1
1354295221517, 1,1,1354295221727,2,99.0,Limit,2
1354295221517, 1,1,1354295221728,1,101.5,Limit,1
1354295221517, 1,1,1354295221728,2,98.75,Limit,2
1354295221517, 1,1,1354295221728,1,101.75,Limit,1
1354295221517, 1,1,1354295221728,2,98.5,Limit,2
1354295221517, 1,1,1354295221729,1,102.0,Limit,1
1354295221517, 1,1,1354295221729,2,98.25,Limit,2
1354295221517, 1,1,1354295221729,1,102.25,Limit,1
1354295221517, 1,1,1354295221730,2,98.0,Limit,2
1354295221517, 1,1,1354295221730,1,102.5,Limit,1
1354295221517, 1,1,1354295221730,2,97.75,Limit,2
1354295221521, 1,1,1354295221732,2,100.25,Limit,2
1354295221521, 1,1,1354295221733,1,100.25,Limit,1
1354295221521, 1,1,1354295221733,2,100.5,Limit,2
1354295221521, 1,1,1354295221733,1,100.0,Limit,1
1354295221521, 1,1,1354295221733,2,100.75,Limit,2
1354295221521, 1,1,1354295221734,1,99.75,Limit,1
1354295221521, 1,1,1354295221734,2,101.0,Limit,2
1354295221521, 1,1,1354295221734,1,99.5,Limit,1
1354295221521, 1,1,1354295221734,2,101.25,Limit,2
1354295221521, 1,1,1354295221734,1,99.25,Limit,1
1354295221521, 1,1,1354295221735,2,101.5,Limit,2
1354295221521, 1,1,1354295221735,1,99.0,Limit,1
1354295221521, 1,1,1354295221735,2,101.75,Limit,2
1354295221521, 1,1,1354295221735,1,98.75,Limit,1
1354295221521, 1,1,1354295221736,2,102.0,Limit,2
1354295221521, 1,1,1354295221736,1,98.5,Limit,1
1354295221521, 1,1,1354295221736,2,102.25,Limit,2
1354295221521, 1,1,1354295221736,1,98.25,Limit,1
1354295221521, 1,1,1354295221736,2,102.5,Limit,2
1354295221521, 1,1,1354295221760,2,100.25,Limit,2
1354295221521, 1,1,1354295221761,1,100.25,Limit,1
1354295221521, 1,1,1354295221761,2,100.5,Limit,2
1354295221521, 1,1,1354295221761,1,100.0,Limit,1
1354295221521, 1,1,1354295221761,2,100.75,Limit,2
1354295221521, 1,1,1354295221761,1,99.75,Limit,1
1354295221521, 1,1,1354295221761,2,101.0,Limit,2
1354295221521, 1,1,1354295221762,1,99.5,Limit,1
1354295221521, 1,1,1354295221762,2,101.25,Limit,2
1354295221521, 1,1,1354295221762,1,99.25,Limit,1
1354295221521, 1,1,1354295221762,2,101.5,Limit,2
1354295221521, 1,1,1354295221762,1,99.0,Limit,1
1354295221521, 1,1,1354295221762,2,101.75,Limit,2
1354295221521, 1,1,1354295221762,1,98.75,Limit,1
1354295221521, 1,1,1354295221762,2,102.0,Limit,2
1354295221521, 1,1,1354295221762,1,98.5,Limit,1
1354295221521, 1,1,1354295221763,2,102.25,Limit,2
1354295221521, 1,1,1354295221763,1,98.25,Limit,1
1354295221521, 1,1,1354295221763,2,102.5,Limit,2
1354295221521, 1,2,1354295221763,2,0.0,Market,2
1354295221521, 3,2,1354295221763,2,0.0,Market,0
1354295221523, 1,1,1354295221783,2,100.0,Limit,2
1354295221523, 1,1,1354295221783,1,100.5,Limit,1
1354295221523, 1,1,1354295221783,2,99.75,Limit,2
1354295221523, 1,1,1354295221783,1,100.75,Limit,1
1354295221523, 1,1,1354295221784,2,99.5,Limit,2
1354295221523, 1,1,1354295221784,1,101.0,Limit,1
1354295221523, 1,1,1354295221784,2,99.25,Limit,2
1354295221523, 1,1,1354295221784,1,101.25,Limit,1
1354295221523, 1,1,1354295221784,2,99.0,Limit,2
1354295221523, 1,1,1354295221784,1,101.5,Limit,1
1354295221523, 1,1,1354295221784,2,98.75,Limit,2
1354295221523, 1,1,1354295221784,1,101.75,Limit,1
1354295221523, 1,1,1354295221784,2,98.5,Limit,2
1354295221523, 1,1,1354295221785,1,102.0,Limit,1
1354295221523, 1,1,1354295221785,2,98.25,Limit,2
1354295221523, 1,1,1354295221785,1,102.25,Limit,1
1354295221523, 1,1,1354295221785,2,98.0,Limit,2
1354295221523, 1,1,1354295221785,1,102.5,Limit,1
1354295221523, 1,1,1354295221785,2,97.75,Limit,2
1354295221520, 1,1,1354295221791,2,100.25,Limit,2
1354295221520, 1,1,1354295221792,1,100.25,Limit,1
1354295221520, 1,1,1354295221792,2,100.5,Limit,2
1354295221520, 1,1,1354295221792,1,100.0,Limit,1
1354295221520, 1,1,1354295221792,2,100.75,Limit,2
1354295221520, 1,1,1354295221792,1,99.75,Limit,1
1354295221520, 1,1,1354295221792,2,101.0,Limit,2
1354295221520, 1,1,1354295221792,1,99.5,Limit,1
1354295221520, 1,1,1354295221793,2,101.25,Limit,2
1354295221520, 1,1,1354295221793,1,99.25,Limit,1
1354295221520, 1,1,1354295221793,2,101.5,Limit,2
1354295221520, 1,1,1354295221793,1,99.0,Limit,1
1354295221520, 1,1,1354295221793,2,101.75,Limit,2
1354295221520, 1,1,1354295221793,1,98.75,Limit,1
1354295221520, 1,1,1354295221793,2,102.0,Limit,2
1354295221520, 1,1,1354295221793,1,98.5,Limit,1
1354295221520, 1,1,1354295221793,2,102.25,Limit,2
1354295221520, 1,1,1354295221794,1,98.25,Limit,1
1354295221520, 1,1,1354295221794,2,102.5,Limit,2
1354295221523, 1,1,1354295221800,2,100.25,Limit,2
1354295221523, 1,1,1354295221800,1,100.25,Limit,1
1354295221523, 1,1,1354295221801,2,100.5,Limit,2
1354295221523, 1,1,1354295221801,1,100.0,Limit,1
1354295221523, 1,1,1354295221801,2,100.75,Limit,2
1354295221523, 1,1,1354295221801,1,99.75,Limit,1
1354295221523, 1,1,1354295221801,2,101.0,Limit,2
1354295221523, 1,1,1354295221801,1,99.5,Limit,1
1354295221523, 1,1,1354295221801,2,101.25,Limit,2
1354295221523, 1,1,1354295221801,1,99.25,Limit,1
1354295221523, 1,1,1354295221801,2,101.5,Limit,2
1354295221523, 1,1,1354295221802,1,99.0,Limit,1
1354295221523, 1,1,1354295221802,2,101.75,Limit,2
1354295221523, 1,1,1354295221802,1,98.75,Limit,1
1354295221523, 1,1,1354295221802,2,102.0,Limit,2
1354295221523, 1,1,1354295221802,1,98.5,Limit,1
1354295221523, 1,1,1354295221802,2,102.25,Limit,2
1354295221523, 1,1,1354295221802,1,98.25,Limit,1
1354295221523, 1,1,1354295221802,2,102.5,Limit,2
1354295221524, 1,1,1354295221805,2,100.25,Limit,2
1354295221524, 1,1,1354295221805,1,100.25,Limit,1
1354295221524, 1,1,1354295221805,2,100.5,Limit,2
1354295221524, 1,1,1354295221805,1,100.0,Limit,1
1354295221524, 1,1,1354295221805,2,100.75,Limit,2
1354295221524, 1,1,1354295221805,1,99.75,Limit,1
1354295221524, 1,1,1354295221805,2,101.0,Limit,2
1354295221524, 1,1,1354295221806,1,99.5,Limit,1
1354295221524, 1,1,1354295221806,2,101.25,Limit,2
1354295221524, 1,1,1354295221806,1,99.25,Limit,1
1354295221524, 1,1,1354295221806,2,101.5,Limit,2
1354295221524, 1,1,1354295221806,1,99.0,Limit,1
1354295221524, 1,1,1354295221806,2,101.75,Limit,2
1354295221524, 1,1,1354295221806,1,98.75,Limit,1
1354295221524, 1,1,1354295221806,2,102.0,Limit,2
1354295221524, 1,1,1354295221807,1,98.5,Limit,1
1354295221524, 1,1,1354295221807,2,102.25,Limit,2
1354295221524, 1,1,1354295221807,1,98.25,Limit,1
1354295221524, 1,1,1354295221807,2,102.5,Limit,2
1354295221523, 1,1,1354295221807,2,100.25,Limit,2
1354295221523, 1,1,1354295221808,1,100.25,Limit,1
1354295221523, 1,1,1354295221808,2,100.5,Limit,2
1354295221523, 1,1,1354295221808,1,100.0,Limit,1
1354295221523, 1,1,1354295221808,2,100.75,Limit,2
1354295221523, 1,1,1354295221808,1,99.75,Limit,1
1354295221523, 1,1,1354295221808,2,101.0,Limit,2
1354295221523, 1,1,1354295221808,1,99.5,Limit,1
1354295221523, 1,1,1354295221808,2,101.25,Limit,2
1354295221523, 1,1,1354295221808,1,99.25,Limit,1
1354295221523, 1,1,1354295221809,2,101.5,Limit,2
1354295221523, 1,1,1354295221809,1,99.0,Limit,1
1354295221523, 1,1,1354295221809,2,101.75,Limit,2
1354295221523, 1,1,1354295221809,1,98.75,Limit,1
1354295221523, 1,1,1354295221809,2,102.0,Limit,2
1354295221523, 1,1,1354295221809,1,98.5,Limit,1
1354295221523, 1,1,1354295221809,2,102.25,Limit,2
1354295221523, 1,1,1354295221809,1,98.25,Limit,1
1354295221523, 1,1,1354295221809,2,102.5,Limit,2
1354295221523, 1,1,1354295221819,2,100.25,Limit,2
1354295221523, 1,1,1354295221819,1,100.25,Limit,1
1354295221523, 1,1,1354295221819,2,100.5,Limit,2
1354295221523, 1,1,1354295221819,1,100.0,Limit,1
1354295221523, 1,1,1354295221819,2,100.75,Limit,2
1354295221523, 1,1,1354295221819,1,99.75,Limit,1
1354295221523, 1,1,1354295221819,2,101.0,Limit,2
1354295221523, 1,1,1354295221819,1,99.5,Limit,1
1354295221523, 1,1,1354295221820,2,101.25,Limit,2
1354295221523, 1,1,1354295221820,1,99.25,Limit,1
1354295221523, 1,1,1354295221820,2,101.5,Limit,2
1354295221523, 1,1,1354295221820,1,99.0,Limit,1
1354295221523, 1,1,1354295221820,2,101.75,Limit,2
1354295221523, 1,1,1354295221820,1,98.75,Limit,1
1354295221523, 1,1,1354295221820,2,102.0,Limit,2
1354295221523, 1,1,1354295221820,1,98.5,Limit,1
1354295221523, 1,1,1354295221820,2,102.25,Limit,2
1354295221523, 1,1,1354295221821,1,98.25,Limit,1
1354295221523, 1,1,1354295221821,2,102.5,Limit,2
1354295221523, 1,1,1354295221823,2,100.0,Limit,2
1354295221523, 1,1,1354295221823,1,100.5,Limit,1
1354295221523, 1,1,1354295221823,2,99.75,Limit,2
1354295221523, 1,1,1354295221824,1,100.75,Limit,1
1354295221523, 1,1,1354295221824,2,99.5,Limit,2
1354295221523, 1,1,1354295221824,1,101.0,Limit,1
1354295221523, 1,1,1354295221824,2,99.25,Limit,2
1354295221523, 1,1,1354295221824,1,101.25,Limit,1
1354295221523, 1,1,1354295221824,2,99.0,Limit,2
1354295221523, 1,1,1354295221824,1,101.5,Limit,1
1354295221523, 1,1,1354295221824,2,98.75,Limit,2
1354295221523, 1,1,1354295221824,1,101.75,Limit,1
1354295221523, 1,1,1354295221825,2,98.5,Limit,2
1354295221523, 1,1,1354295221825,1,102.0,Limit,1
1354295221523, 1,1,1354295221825,2,98.25,Limit,2
1354295221523, 1,1,1354295221825,1,102.25,Limit,1
1354295221523, 1,1,1354295221825,2,98.0,Limit,2
1354295221523, 1,1,1354295221825,1,102.5,Limit,1
1354295221523, 1,1,1354295221825,2,97.75,Limit,2
1354295221521, 1,1,1354295221825,2,100.25,Limit,2
1354295221521, 1,1,1354295221825,1,100.25,Limit,1
1354295221521, 1,1,1354295221826,2,100.5,Limit,2
1354295221521, 1,1,1354295221826,1,100.0,Limit,1
1354295221521, 1,1,1354295221826,2,100.75,Limit,2
1354295221521, 1,1,1354295221826,1,99.75,Limit,1
1354295221521, 1,1,1354295221826,2,101.0,Limit,2
1354295221521, 1,1,1354295221826,1,99.5,Limit,1
1354295221521, 1,1,1354295221826,2,101.25,Limit,2
1354295221521, 1,1,1354295221826,1,99.25,Limit,1
1354295221521, 1,1,1354295221826,2,101.5,Limit,2
1354295221521, 1,1,1354295221827,1,99.0,Limit,1
1354295221521, 1,1,1354295221827,2,101.75,Limit,2
1354295221521, 1,1,1354295221827,1,98.75,Limit,1
1354295221521, 1,1,1354295221827,2,102.0,Limit,2
1354295221521, 1,1,1354295221827,1,98.5,Limit,1
1354295221521, 1,1,1354295221827,2,102.25,Limit,2
1354295221521, 1,1,1354295221827,1,98.25,Limit,1
1354295221521, 1,1,1354295221827,2,102.5,Limit,2
1354295221524, 1,1,1354295221832,2,100.0,Limit,2
1354295221524, 1,1,1354295221832,1,100.5,Limit,1
1354295221524, 1,1,1354295221832,2,99.75,Limit,2
1354295221524, 1,1,1354295221833,1,100.75,Limit,1
1354295221524, 1,1,1354295221833,2,99.5,Limit,2
1354295221524, 1,1,1354295221833,1,101.0,Limit,1
1354295221524, 1,1,1354295221833,2,99.25,Limit,2
1354295221524, 1,1,1354295221833,1,101.25,Limit,1
1354295221524, 1,1,1354295221833,2,99.0,Limit,2
1354295221524, 1,1,1354295221833,1,101.5,Limit,1
1354295221524, 1,1,1354295221833,2,98.75,Limit,2
1354295221524, 1,1,1354295221833,1,101.75,Limit,1
1354295221524, 1,1,1354295221833,2,98.5,Limit,2
1354295221524, 1,1,1354295221834,1,102.0,Limit,1
1354295221524, 1,1,1354295221834,2,98.25,Limit,2
1354295221524, 1,1,1354295221834,1,102.25,Limit,1
1354295221524, 1,1,1354295221834,2,98.0,Limit,2
1354295221524, 1,1,1354295221834,1,102.5,Limit,1
1354295221524, 1,1,1354295221834,2,97.75,Limit,2
1354295221524, 1,1,1354295221838,2,100.25,Limit,2
1354295221524, 1,1,1354295221838,1,100.25,Limit,1
1354295221524, 1,1,1354295221838,2,100.5,Limit,2
1354295221524, 1,1,1354295221838,1,100.0,Limit,1
1354295221524, 1,1,1354295221839,2,100.75,Limit,2
1354295221524, 1,1,1354295221839,1,99.75,Limit,1
1354295221524, 1,1,1354295221839,2,101.0,Limit,2
1354295221524, 1,1,1354295221839,1,99.5,Limit,1
1354295221524, 1,1,1354295221839,2,101.25,Limit,2
1354295221524, 1,1,1354295221839,1,99.25,Limit,1
1354295221524, 1,1,1354295221839,2,101.5,Limit,2
1354295221524, 1,1,1354295221839,1,99.0,Limit,1
1354295221524, 1,1,1354295221839,2,101.75,Limit,2
1354295221524, 1,1,1354295221840,1,98.75,Limit,1
1354295221524, 1,1,1354295221840,2,102.0,Limit,2
1354295221524, 1,1,1354295221840,1,98.5,Limit,1
1354295221524, 1,1,1354295221840,2,102.25,Limit,2
1354295221524, 1,1,1354295221840,1,98.25,Limit,1
1354295221524, 1,1,1354295221840,2,102.5,Limit,2
1354295221524, 1,1,1354295221851,2,100.0,Limit,2
1354295221524, 1,1,1354295221851,1,100.5,Limit,1
1354295221524, 1,1,1354295221851,2,99.75,Limit,2
1354295221524, 1,1,1354295221851,1,100.75,Limit,1
1354295221524, 1,1,1354295221851,2,99.5,Limit,2
1354295221524, 1,1,1354295221852,1,101.0,Limit,1
1354295221524, 1,1,1354295221852,2,99.25,Limit,2
1354295221524, 1,1,1354295221852,1,101.25,Limit,1
1354295221524, 1,1,1354295221852,2,99.0,Limit,2
1354295221524, 1,1,1354295221852,1,101.5,Limit,1
1354295221524, 1,1,1354295221852,2,98.75,Limit,2
1354295221524, 1,1,1354295221852,1,101.75,Limit,1
1354295221524, 1,1,1354295221852,2,98.5,Limit,2
1354295221524, 1,1,1354295221852,1,102.0,Limit,1
1354295221524, 1,1,1354295221852,2,98.25,Limit,2
1354295221524, 1,1,1354295221853,1,102.25,Limit,1
1354295221524, 1,1,1354295221853,2,98.0,Limit,2
1354295221524, 1,1,1354295221853,1,102.5,Limit,1
1354295221524, 1,1,1354295221853,2,97.75,Limit,2
1354295221523, 1,1,1354295221853,2,100.25,Limit,2
1354295221523, 1,1,1354295221854,1,100.25,Limit,1
1354295221523, 1,1,1354295221854,2,100.5,Limit,2
1354295221523, 1,1,1354295221854,1,100.0,Limit,1
1354295221523, 1,1,1354295221854,2,100.75,Limit,2
1354295221523, 1,1,1354295221854,1,99.75,Limit,1
1354295221523, 1,1,1354295221854,2,101.0,Limit,2
1354295221523, 1,1,1354295221854,1,99.5,Limit,1
1354295221523, 1,1,1354295221854,2,101.25,Limit,2
1354295221523, 1,1,1354295221854,1,99.25,Limit,1
1354295221523, 1,1,1354295221855,2,101.5,Limit,2
1354295221523, 1,1,1354295221855,1,99.0,Limit,1
1354295221523, 1,1,1354295221855,2,101.75,Limit,2
1354295221523, 1,1,1354295221855,1,98.75,Limit,1
1354295221523, 1,1,1354295221855,2,102.0,Limit,2
1354295221523, 1,1,1354295221855,1,98.5,Limit,1
1354295221523, 1,1,1354295221855,2,102.25,Limit,2
1354295221523, 1,1,1354295221855,1,98.25,Limit,1
1354295221523, 1,1,1354295221855,2,102.5,Limit,2
1354295221523, 1,1,1354295221858,2,100.25,Limit,2
1354295221523, 1,1,1354295221858,1,100.25,Limit,1
1354295221523, 1,1,1354295221858,2,100.5,Limit,2
1354295221523, 1,1,1354295221858,1,100.0,Limit,1
1354295221523, 1,1,1354295221858,2,100.75,Limit,2
1354295221523, 1,1,1354295221858,1,99.75,Limit,1
1354295221523, 1,1,1354295221858,2,101.0,Limit,2
1354295221523, 1,1,1354295221858,1,99.5,Limit,1
1354295221523, 1,1,1354295221858,2,101.25,Limit,2
1354295221523, 1,1,1354295221859,1,99.25,Limit,1
1354295221523, 1,1,1354295221859,2,101.5,Limit,2
1354295221523, 1,1,1354295221859,1,99.0,Limit,1
1354295221523, 1,1,1354295221859,2,101.75,Limit,2
1354295221523, 1,1,1354295221859,1,98.75,Limit,1
1354295221523, 1,1,1354295221859,2,102.0,Limit,2
1354295221523, 1,1,1354295221859,1,98.5,Limit,1
1354295221523, 1,1,1354295221859,2,102.25,Limit,2
1354295221523, 1,1,1354295221859,1,98.25,Limit,1
1354295221523, 1,1,1354295221860,2,102.5,Limit,2
1354295221523, 1,1,1354295221862,2,100.25,Limit,2
1354295221523, 1,1,1354295221862,1,100.25,Limit,1
1354295221523, 1,1,1354295221862,2,100.5,Limit,2
1354295221523, 1,1,1354295221862,1,100.0,Limit,1
1354295221523, 1,1,1354295221862,2,100.75,Limit,2
1354295221523, 1,1,1354295221862,1,99.75,Limit,1
1354295221523, 1,1,1354295221862,2,101.0,Limit,2
1354295221523, 1,1,1354295221863,1,99.5,Limit,1
1354295221523, 1,1,1354295221863,2,101.25,Limit,2
1354295221523, 1,1,1354295221863,1,99.25,Limit,1
1354295221523, 1,1,1354295221863,2,101.5,Limit,2
1354295221523, 1,1,1354295221863,1,99.0,Limit,1
1354295221523, 1,1,1354295221863,2,101.75,Limit,2
1354295221523, 1,1,1354295221863,1,98.75,Limit,1
1354295221523, 1,1,1354295221863,2,102.0,Limit,2
1354295221523, 1,1,1354295221863,1,98.5,Limit,1
1354295221523, 1,1,1354295221864,2,102.25,Limit,2
1354295221523, 1,1,1354295221864,1,98.25,Limit,1
1354295221523, 1,1,1354295221864,2,102.5,Limit,2
1354295221522, 1,1,1354295221869,2,100.0,Limit,2
1354295221522, 1,1,1354295221870,1,100.5,Limit,1
1354295221522, 1,1,1354295221870,2,99.75,Limit,2
1354295221522, 1,1,1354295221870,1,100.75,Limit,1
1354295221522, 1,1,1354295221870,2,99.5,Limit,2
1354295221522, 1,1,1354295221870,1,101.0,Limit,1
1354295221522, 1,1,1354295221870,2,99.25,Limit,2
1354295221522, 1,1,1354295221870,1,101.25,Limit,1
1354295221522, 1,1,1354295221870,2,99.0,Limit,2
1354295221522, 1,1,1354295221871,1,101.5,Limit,1
1354295221522, 1,1,1354295221871,2,98.75,Limit,2
1354295221522, 1,1,1354295221871,1,101.75,Limit,1
1354295221522, 1,1,1354295221871,2,98.5,Limit,2
1354295221522, 1,1,1354295221871,1,102.0,Limit,1
1354295221522, 1,1,1354295221871,2,98.25,Limit,2
1354295221522, 1,1,1354295221871,1,102.25,Limit,1
1354295221522, 1,1,1354295221871,2,98.0,Limit,2
1354295221522, 1,1,1354295221871,1,102.5,Limit,1
1354295221522, 1,1,1354295221872,2,97.75,Limit,2
1354295221523, 1,1,1354295221878,2,100.0,Limit,2
1354295221523, 1,1,1354295221878,1,100.5,Limit,1
1354295221523, 1,1,1354295221878,2,99.75,Limit,2
1354295221523, 1,1,1354295221878,1,100.75,Limit,1
1354295221523, 1,1,1354295221878,2,99.5,Limit,2
1354295221523, 1,1,1354295221879,1,101.0,Limit,1
1354295221523, 1,1,1354295221879,2,99.25,Limit,2
1354295221523, 1,1,1354295221879,1,101.25,Limit,1
1354295221523, 1,1,1354295221879,2,99.0,Limit,2
1354295221523, 1,1,1354295221879,1,101.5,Limit,1
1354295221523, 1,1,1354295221879,2,98.75,Limit,2
1354295221523, 1,1,1354295221879,1,101.75,Limit,1
1354295221523, 1,1,1354295221879,2,98.5,Limit,2
1354295221523, 1,1,1354295221879,1,102.0,Limit,1
1354295221523, 1,1,1354295221880,2,98.25,Limit,2
1354295221523, 1,1,1354295221880,1,102.25,Limit,1
1354295221523, 1,1,1354295221880,2,98.0,Limit,2
1354295221523, 1,1,1354295221880,1,102.5,Limit,1
1354295221523, 1,1,1354295221880,2,97.75,Limit,2
1354295221521, 1,1,1354295221883,2,100.25,Limit,2
1354295221521, 1,1,1354295221883,1,100.25,Limit,1
1354295221521, 1,1,1354295221883,2,100.5,Limit,2
1354295221521, 1,1,1354295221883,1,100.0,Limit,1
1354295221521, 1,1,1354295221883,2,100.75,Limit,2
1354295221521, 1,1,1354295221883,1,99.75,Limit,1
1354295221521, 1,1,1354295221883,2,101.0,Limit,2
1354295221521, 1,1,1354295221883,1,99.5,Limit,1
1354295221521, 1,1,1354295221884,2,101.25,Limit,2
1354295221521, 1,1,1354295221884,1,99.25,Limit,1
1354295221521, 1,1,1354295221884,2,101.5,Limit,2
1354295221521, 1,1,1354295221884,1,99.0,Limit,1
1354295221521, 1,1,1354295221884,2,101.75,Limit,2
1354295221521, 1,1,1354295221884,1,98.75,Limit,1
1354295221521, 1,1,1354295221884,2,102.0,Limit,2
1354295221521, 1,1,1354295221884,1,98.5,Limit,1
1354295221521, 1,1,1354295221884,2,102.25,Limit,2
1354295221521, 1,1,1354295221885,1,98.25,Limit,1
1354295221521, 1,1,1354295221885,2,102.5,Limit,2
1354295221523, 1,1,1354295221886,2,100.0,Limit,2
1354295221523, 1,1,1354295221887,1,100.5,Limit,1
1354295221523, 1,1,1354295221887,2,99.75,Limit,2
1354295221523, 1,1,1354295221887,1,100.75,Limit,1
1354295221523, 1,1,1354295221887,2,99.5,Limit,2
1354295221523, 1,1,1354295221887,1,101.0,Limit,1
1354295221523, 1,1,1354295221887,2,99.25,Limit,2
1354295221523, 1,1,1354295221887,1,101.25,Limit,1
1354295221523, 1,1,1354295221887,2,99.0,Limit,2
1354295221523, 1,1,1354295221888,1,101.5,Limit,1
1354295221523, 1,1,1354295221888,2,98.75,Limit,2
1354295221523, 1,1,1354295221888,1,101.75,Limit,1
1354295221523, 1,1,1354295221888,2,98.5,Limit,2
1354295221523, 1,1,1354295221888,1,102.0,Limit,1
1354295221523, 1,1,1354295221888,2,98.25,Limit,2
1354295221523, 1,1,1354295221888,1,102.25,Limit,1
1354295221523, 1,1,1354295221888,2,98.0,Limit,2
1354295221523, 1,1,1354295221888,1,102.5,Limit,1
1354295221523, 1,1,1354295221888,2,97.75,Limit,2
1354295221524, 1,1,1354295221901,2,100.25,Limit,2
1354295221524, 1,1,1354295221901,1,100.25,Limit,1
1354295221524, 1,1,1354295221902,2,100.5,Limit,2
1354295221524, 1,1,1354295221902,1,100.0,Limit,1
1354295221524, 1,1,1354295221902,2,100.75,Limit,2
1354295221524, 1,1,1354295221902,1,99.75,Limit,1
1354295221524, 1,1,1354295221902,2,101.0,Limit,2
1354295221524, 1,1,1354295221902,1,99.5,Limit,1
1354295221524, 1,1,1354295221902,2,101.25,Limit,2
1354295221524, 1,1,1354295221902,1,99.25,Limit,1
1354295221524, 1,1,1354295221902,2,101.5,Limit,2
1354295221524, 1,1,1354295221903,1,99.0,Limit,1
1354295221524, 1,1,1354295221903,2,101.75,Limit,2
1354295221524, 1,1,1354295221903,1,98.75,Limit,1
1354295221524, 1,1,1354295221903,2,102.0,Limit,2
1354295221524, 1,1,1354295221903,1,98.5,Limit,1
1354295221524, 1,1,1354295221903,2,102.25,Limit,2
1354295221524, 1,1,1354295221903,1,98.25,Limit,1
1354295221524, 1,1,1354295221903,2,102.5,Limit,2
1354295221524, 1,1,1354295221912,2,100.0,Limit,2
1354295221524, 1,1,1354295221912,1,100.5,Limit,1
1354295221524, 1,1,1354295221912,2,99.75,Limit,2
1354295221524, 1,1,1354295221912,1,100.75,Limit,1
1354295221524, 1,1,1354295221912,2,99.5,Limit,2
1354295221524, 1,1,1354295221912,1,101.0,Limit,1
1354295221524, 1,1,1354295221912,2,99.25,Limit,2
1354295221524, 1,1,1354295221912,1,101.25,Limit,1
1354295221524, 1,1,1354295221913,2,99.0,Limit,2
1354295221524, 1,1,1354295221913,1,101.5,Limit,1
1354295221524, 1,1,1354295221913,2,98.75,Limit,2
1354295221524, 1,1,1354295221913,1,101.75,Limit,1
1354295221524, 1,1,1354295221913,2,98.5,Limit,2
1354295221524, 1,1,1354295221913,1,102.0,Limit,1
1354295221524, 1,1,1354295221913,2,98.25,Limit,2
1354295221524, 1,1,1354295221913,1,102.25,Limit,1
1354295221524, 1,1,1354295221913,2,98.0,Limit,2
1354295221524, 1,1,1354295221913,1,102.5,Limit,1
1354295221524, 1,1,1354295221914,2,97.75,Limit,2
1354295221523, 1,1,1354295221914,2,100.0,Limit,2
1354295221523, 1,1,1354295221914,1,100.5,Limit,1
1354295221523, 1,1,1354295221914,2,99.75,Limit,2
1354295221523, 1,1,1354295221914,1,100.75,Limit,1
1354295221523, 1,1,1354295221914,2,99.5,Limit,2
1354295221523, 1,1,1354295221914,1,101.0,Limit,1
1354295221523, 1,1,1354295221914,2,99.25,Limit,2
1354295221523, 1,1,1354295221914,1,101.25,Limit,1
1354295221523, 1,1,1354295221915,2,99.0,Limit,2
1354295221523, 1,1,1354295221915,1,101.5,Limit,1
1354295221523, 1,1,1354295221915,2,98.75,Limit,2
1354295221523, 1,1,1354295221915,1,101.75,Limit,1
1354295221523, 1,1,1354295221915,2,98.5,Limit,2
1354295221523, 1,1,1354295221915,1,102.0,Limit,1
1354295221523, 1,1,1354295221915,2,98.25,Limit,2
1354295221523, 1,1,1354295221915,1,102.25,Limit,1
1354295221523, 1,1,1354295221915,2,98.0,Limit,2
1354295221523, 1,1,1354295221916,1,102.5,Limit,1
1354295221523, 1,1,1354295221916,2,97.75,Limit,2
1354295221524, 1,1,1354295221916,2,100.0,Limit,2
1354295221524, 1,1,1354295221917,1,100.5,Limit,1
1354295221524, 1,1,1354295221917,2,99.75,Limit,2
1354295221524, 1,1,1354295221917,1,100.75,Limit,1
1354295221524, 1,1,1354295221917,2,99.5,Limit,2
1354295221524, 1,1,1354295221917,1,101.0,Limit,1
1354295221524, 1,1,1354295221917,2,99.25,Limit,2
1354295221524, 1,1,1354295221917,1,101.25,Limit,1
1354295221524, 1,1,1354295221917,2,99.0,Limit,2
1354295221524, 1,1,1354295221917,1,101.5,Limit,1
1354295221524, 1,1,1354295221918,2,98.75,Limit,2
1354295221524, 1,1,1354295221918,1,101.75,Limit,1
1354295221524, 1,1,1354295221918,2,98.5,Limit,2
1354295221524, 1,1,1354295221918,1,102.0,Limit,1
1354295221524, 1,1,1354295221918,2,98.25,Limit,2
1354295221524, 1,1,1354295221918,1,102.25,Limit,1
1354295221524, 1,1,1354295221918,2,98.0,Limit,2
1354295221524, 1,1,1354295221918,1,102.5,Limit,1
1354295221524, 1,1,1354295221918,2,97.75,Limit,2
1354295221523, 1,1,1354295221924,2,100.25,Limit,2
1354295221523, 1,1,1354295221924,1,100.25,Limit,1
1354295221523, 1,1,1354295221924,2,100.5,Limit,2
1354295221523, 1,1,1354295221924,1,100.0,Limit,1
1354295221523, 1,1,1354295221924,2,100.75,Limit,2
1354295221523, 1,1,1354295221925,1,99.75,Limit,1
1354295221523, 1,1,1354295221925,2,101.0,Limit,2
1354295221523, 1,1,1354295221925,1,99.5,Limit,1
1354295221523, 1,1,1354295221925,2,101.25,Limit,2
1354295221523, 1,1,1354295221925,1,99.25,Limit,1
1354295221523, 1,1,1354295221925,2,101.5,Limit,2
1354295221523, 1,1,1354295221925,1,99.0,Limit,1
1354295221523, 1,1,1354295221925,2,101.75,Limit,2
1354295221523, 1,1,1354295221925,1,98.75,Limit,1
1354295221523, 1,1,1354295221926,2,102.0,Limit,2
1354295221523, 1,1,1354295221926,1,98.5,Limit,1
1354295221523, 1,1,1354295221926,2,102.25,Limit,2
1354295221523, 1,1,1354295221926,1,98.25,Limit,1
1354295221523, 1,1,1354295221926,2,102.5,Limit,2
1354295221521, 1,1,1354295221927,2,100.0,Limit,2
1354295221521, 1,1,1354295221928,1,100.5,Limit,1
1354295221521, 1,1,1354295221928,2,99.75,Limit,2
1354295221521, 1,1,1354295221928,1,100.75,Limit,1
1354295221521, 1,1,1354295221928,2,99.5,Limit,2
1354295221521, 1,1,1354295221928,1,101.0,Limit,1
1354295221521, 1,1,1354295221928,2,99.25,Limit,2
1354295221521, 1,1,1354295221928,1,101.25,Limit,1
1354295221521, 1,1,1354295221928,2,99.0,Limit,2
1354295221521, 1,1,1354295221928,1,101.5,Limit,1
1354295221521, 1,1,1354295221928,2,98.75,Limit,2
1354295221521, 1,1,1354295221929,1,101.75,Limit,1
1354295221521, 1,1,1354295221929,2,98.5,Limit,2
1354295221521, 1,1,1354295221929,1,102.0,Limit,1
1354295221521, 1,1,1354295221929,2,98.25,Limit,2
1354295221521, 1,1,1354295221929,1,102.25,Limit,1
1354295221521, 1,1,1354295221929,2,98.0,Limit,2
1354295221521, 1,1,1354295221929,1,102.5,Limit,1
1354295221521, 1,1,1354295221929,2,97.75,Limit,2
1354295221523, 1,1,1354295221934,2,100.0,Limit,2
1354295221523, 1,1,1354295221934,1,100.5,Limit,1
1354295221523, 1,1,1354295221934,2,99.75,Limit,2
1354295221523, 1,1,1354295221934,1,100.75,Limit,1
1354295221523, 1,1,1354295221935,2,99.5,Limit,2
1354295221523, 1,1,1354295221935,1,101.0,Limit,1
1354295221523, 1,1,1354295221935,2,99.25,Limit,2
1354295221523, 1,1,1354295221935,1,101.25,Limit,1
1354295221523, 1,1,1354295221935,2,99.0,Limit,2
1354295221523, 1,1,1354295221935,1,101.5,Limit,1
1354295221523, 1,1,1354295221935,2,98.75,Limit,2
1354295221523, 1,1,1354295221935,1,101.75,Limit,1
1354295221523, 1,1,1354295221935,2,98.5,Limit,2
1354295221523, 1,1,1354295221936,1,102.0,Limit,1
1354295221523, 1,1,1354295221936,2,98.25,Limit,2
1354295221523, 1,1,1354295221936,1,102.25,Limit,1
1354295221523, 1,1,1354295221936,2,98.0,Limit,2
1354295221523, 1,1,1354295221936,1,102.5,Limit,1
1354295221523, 1,1,1354295221936,2,97.75,Limit,2
1354295221523, 1,1,1354295221941,2,100.25,Limit,2
1354295221523, 1,1,1354295221942,1,100.25,Limit,1
1354295221523, 1,1,1354295221942,2,100.5,Limit,2
1354295221523, 1,1,1354295221942,1,100.0,Limit,1
1354295221523, 1,1,1354295221942,2,100.75,Limit,2
1354295221523, 1,1,1354295221942,1,99.75,Limit,1
1354295221523, 1,1,1354295221942,2,101.0,Limit,2
1354295221523, 1,1,1354295221942,1,99.5,Limit,1
1354295221523, 1,1,1354295221942,2,101.25,Limit,2
1354295221523, 1,1,1354295221942,1,99.25,Limit,1
1354295221523, 1,1,1354295221943,2,101.5,Limit,2
1354295221523, 1,1,1354295221943,1,99.0,Limit,1
1354295221523, 1,1,1354295221943,2,101.75,Limit,2
1354295221523, 1,1,1354295221943,1,98.75,Limit,1
1354295221523, 1,1,1354295221943,2,102.0,Limit,2
1354295221523, 1,1,1354295221943,1,98.5,Limit,1
1354295221523, 1,1,1354295221943,2,102.25,Limit,2
1354295221523, 1,1,1354295221943,1,98.25,Limit,1
1354295221523, 1,1,1354295221943,2,102.5,Limit,2
1354295221523, 1,1,1354295221944,2,100.0,Limit,2
1354295221523, 1,1,1354295221944,1,100.5,Limit,1
1354295221523, 1,1,1354295221944,2,99.75,Limit,2
1354295221523, 1,1,1354295221944,1,100.75,Limit,1
1354295221523, 1,1,1354295221944,2,99.5,Limit,2
1354295221523, 1,1,1354295221944,1,101.0,Limit,1
1354295221523, 1,1,1354295221945,2,99.25,Limit,2
1354295221523, 1,1,1354295221945,1,101.25,Limit,1
1354295221523, 1,1,1354295221945,2,99.0,Limit,2
1354295221523, 1,1,1354295221945,1,101.5,Limit,1
1354295221523, 1,1,1354295221945,2,98.75,Limit,2
1354295221523, 1,1,1354295221945,1,101.75,Limit,1
1354295221523, 1,1,1354295221945,2,98.5,Limit,2
1354295221523, 1,1,1354295221945,1,102.0,Limit,1
1354295221523, 1,1,1354295221945,2,98.25,Limit,2
1354295221523, 1,1,1354295221945,1,102.25,Limit,1
1354295221523, 1,1,1354295221946,2,98.0,Limit,2
1354295221523, 1,1,1354295221946,1,102.5,Limit,1
1354295221523, 1,1,1354295221946,2,97.75,Limit,2
1354295221524, 1,1,1354295221950,2,100.0,Limit,2
1354295221524, 1,1,1354295221951,1,100.5,Limit,1
1354295221524, 1,1,1354295221951,2,99.75,Limit,2
1354295221524, 1,1,1354295221951,1,100.75,Limit,1
1354295221524, 1,1,1354295221951,2,99.5,Limit,2
1354295221524, 1,1,1354295221951,1,101.0,Limit,1
1354295221524, 1,1,1354295221951,2,99.25,Limit,2
1354295221524, 1,1,1354295221951,1,101.25,Limit,1
1354295221524, 1,1,1354295221951,2,99.0,Limit,2
1354295221524, 1,1,1354295221951,1,101.5,Limit,1
1354295221524, 1,1,1354295221952,2,98.75,Limit,2
1354295221524, 1,1,1354295221952,1,101.75,Limit,1
1354295221524, 1,1,1354295221952,2,98.5,Limit,2
1354295221524, 1,1,1354295221952,1,102.0,Limit,1
1354295221524, 1,1,1354295221952,2,98.25,Limit,2
1354295221524, 1,1,1354295221952,1,102.25,Limit,1
1354295221524, 1,1,1354295221952,2,98.0,Limit,2
1354295221524, 1,1,1354295221952,1,102.5,Limit,1
1354295221524, 1,1,1354295221952,2,97.75,Limit,2
1354295221520, 1,1,1354295221953,2,100.0,Limit,2
1354295221520, 1,1,1354295221953,1,100.5,Limit,1
1354295221520, 1,1,1354295221953,2,99.75,Limit,2
1354295221520, 1,1,1354295221953,1,100.75,Limit,1
1354295221520, 1,1,1354295221953,2,99.5,Limit,2
1354295221520, 1,1,1354295221953,1,101.0,Limit,1
1354295221520, 1,1,1354295221953,2,99.25,Limit,2
1354295221520, 1,1,1354295221953,1,101.25,Limit,1
1354295221520, 1,1,1354295221953,2,99.0,Limit,2
1354295221520, 1,1,1354295221954,1,101.5,Limit,1
1354295221520, 1,1,1354295221954,2,98.75,Limit,2
1354295221520, 1,1,1354295221954,1,101.75,Limit,1
1354295221520, 1,1,1354295221954,2,98.5,Limit,2
1354295221520, 1,1,1354295221954,1,102.0,Limit,1
1354295221520, 1,1,1354295221954,2,98.25,Limit,2
1354295221520, 1,1,1354295221954,1,102.25,Limit,1
1354295221520, 1,1,1354295221954,2,98.0,Limit,2
1354295221520, 1,1,1354295221954,1,102.5,Limit,1
1354295221520, 1,1,1354295221955,2,97.75,Limit,2
1354295221524, 1,1,1354295221960,2,100.0,Limit,2
1354295221524, 1,1,1354295221961,1,100.5,Limit,1
1354295221524, 1,1,1354295221961,2,99.75,Limit,2
1354295221524, 1,1,1354295221961,1,100.75,Limit,1
1354295221524, 1,1,1354295221961,2,99.5,Limit,2
1354295221524, 1,1,1354295221961,1,101.0,Limit,1
1354295221524, 1,1,1354295221961,2,99.25,Limit,2
1354295221524, 1,1,1354295221961,1,101.25,Limit,1
1354295221524, 1,1,1354295221961,2,99.0,Limit,2
1354295221524, 1,1,1354295221961,1,101.5,Limit,1
1354295221524, 1,1,1354295221962,2,98.75,Limit,2
1354295221524, 1,1,1354295221962,1,101.75,Limit,1
1354295221524, 1,1,1354295221962,2,98.5,Limit,2
1354295221524, 1,1,1354295221962,1,102.0,Limit,1
1354295221524, 1,1,1354295221962,2,98.25,Limit,2
1354295221524, 1,1,1354295221962,1,102.25,Limit,1
1354295221524, 1,1,1354295221962,2,98.0,Limit,2
1354295221524, 1,1,1354295221962,1,102.5,Limit,1
1354295221524, 1,1,1354295221962,2,97.75,Limit,2
1354295221522, 1,1,1354295221969,2,100.25,Limit,2
1354295221522, 1,1,1354295221969,1,100.25,Limit,1
1354295221522, 1,1,1354295221969,2,100.5,Limit,2
1354295221522, 1,1,1354295221970,1,100.0,Limit,1
1354295221522, 1,1,1354295221970,2,100.75,Limit,2
1354295221522, 1,1,1354295221970,1,99.75,Limit,1
1354295221522, 1,1,1354295221970,2,101.0,Limit,2
1354295221522, 1,1,1354295221970,1,99.5,Limit,1
1354295221522, 1,1,1354295221970,2,101.25,Limit,2
1354295221522, 1,1,1354295221970,1,99.25,Limit,1
1354295221522, 1,1,1354295221970,2,101.5,Limit,2
1354295221522, 1,1,1354295221970,1,99.0,Limit,1
1354295221522, 1,1,1354295221971,2,101.75,Limit,2
1354295221522, 1,1,1354295221971,1,98.75,Limit,1
1354295221522, 1,1,1354295221971,2,102.0,Limit,2
1354295221522, 1,1,1354295221971,1,98.5,Limit,1
1354295221522, 1,1,1354295221971,2,102.25,Limit,2
1354295221522, 1,1,1354295221971,1,98.25,Limit,1
1354295221522, 1,1,1354295221971,2,102.5,Limit,2
1354295221524, 1,1,1354295221992,2,100.0,Limit,2
1354295221524, 1,1,1354295221992,1,100.5,Limit,1
1354295221524, 1,1,1354295221992,2,99.75,Limit,2
1354295221524, 1,1,1354295221993,1,100.75,Limit,1
1354295221524, 1,1,1354295221993,2,99.5,Limit,2
1354295221524, 1,1,1354295221993,1,101.0,Limit,1
1354295221524, 1,1,1354295221993,2,99.25,Limit,2
1354295221524, 1,1,1354295221993,1,101.25,Limit,1
1354295221524, 1,1,1354295221993,2,99.0,Limit,2
1354295221524, 1,1,1354295221993,1,101.5,Limit,1
1354295221524, 1,1,1354295221993,2,98.75,Limit,2
1354295221524, 1,1,1354295221993,1,101.75,Limit,1
1354295221524, 1,1,1354295221993,2,98.5,Limit,2
1354295221524, 1,1,1354295221994,1,102.0,Limit,1
1354295221524, 1,1,1354295221994,2,98.25,Limit,2
1354295221524, 1,1,1354295221994,1,102.25,Limit,1
1354295221524, 1,1,1354295221994,2,98.0,Limit,2
1354295221524, 1,1,1354295221994,1,102.5,Limit,1
1354295221524, 1,1,1354295221994,2,97.75,Limit,2
1354295221524, 1,1,1354295221994,2,0.0,Market,2
1354295221524, 3,1,1354295221994,2,0.0,Market,0
1354295221522, 1,1,1354295221995,2,100.25,Limit,2
1354295221522, 1,1,1354295221995,1,100.25,Limit,1
1354295221522, 1,1,1354295221995,2,100.5,Limit,2
1354295221522, 1,1,1354295221995,1,100.0,Limit,1
1354295221522, 1,1,1354295221995,2,100.75,Limit,2
1354295221522, 1,1,1354295221995,1,99.75,Limit,1
1354295221522, 1,1,1354295221995,2,101.0,Limit,2
1354295221522, 1,1,1354295221995,1,99.5,Limit,1
1354295221522, 1,1,1354295221995,2,101.25,Limit,2
1354295221522, 1,1,1354295221996,1,99.25,Limit,1
1354295221522, 1,1,1354295221996,2,101.5,Limit,2
1354295221522, 1,1,1354295221996,1,99.0,Limit,1
1354295221522, 1,1,1354295221996,2,101.75,Limit,2
1354295221522, 1,1,1354295221996,1,98.75,Limit,1
1354295221522, 1,1,1354295221996,2,102.0,Limit,2
1354295221522, 1,1,1354295221996,1,98.5,Limit,1
1354295221522, 1,1,1354295221996,2,102.25,Limit,2
1354295221522, 1,1,1354295221996,1,98.25,Limit,1
1354295221522, 1,1,1354295221996,2,102.5,Limit,2
1354295221524, 1,1,1354295221999,2,100.25,Limit,2
1354295221524, 1,1,1354295221999,1,100.25,Limit,1
1354295221524, 1,1,1354295221999,2,100.5,Limit,2
1354295221524, 1,1,1354295221999,1,100.0,Limit,1
1354295221524, 1,1,1354295221999,2,100.75,Limit,2
1354295221524, 1,1,1354295221999,1,99.75,Limit,1
1354295221524, 1,1,1354295222000,2,101.0,Limit,2
1354295221524, 1,1,1354295222000,1,99.5,Limit,1
1354295221524, 1,1,1354295222000,2,101.25,Limit,2
1354295221524, 1,1,1354295222000,1,99.25,Limit,1
1354295221524, 1,1,1354295222000,2,101.5,Limit,2
1354295221524, 1,1,1354295222000,1,99.0,Limit,1
1354295221524, 1,1,1354295222000,2,101.75,Limit,2
1354295221524, 1,1,1354295222000,1,98.75,Limit,1
1354295221524, 1,1,1354295222000,2,102.0,Limit,2
1354295221524, 1,1,1354295222000,1,98.5,Limit,1
1354295221524, 1,1,1354295222001,2,102.25,Limit,2
1354295221524, 1,1,1354295222001,1,98.25,Limit,1
1354295221524, 1,1,1354295222001,2,102.5,Limit,2
1354295221522, 1,1,1354295222018,2,100.0,Limit,2
1354295221522, 1,1,1354295222018,1,100.5,Limit,1
1354295221522, 1,1,1354295222018,2,99.75,Limit,2
1354295221522, 1,1,1354295222018,1,100.75,Limit,1
1354295221522, 1,1,1354295222018,2,99.5,Limit,2
1354295221522, 1,1,1354295222018,1,101.0,Limit,1
1354295221522, 1,1,1354295222018,2,99.25,Limit,2
1354295221522, 1,1,1354295222018,1,101.25,Limit,1
1354295221522, 1,1,1354295222018,2,99.0,Limit,2
1354295221522, 1,1,1354295222019,1,101.5,Limit,1
1354295221522, 1,1,1354295222019,2,98.75,Limit,2
1354295221522, 1,1,1354295222019,1,101.75,Limit,1
1354295221522, 1,1,1354295222019,2,98.5,Limit,2
1354295221522, 1,1,1354295222019,1,102.0,Limit,1
1354295221522, 1,1,1354295222019,2,98.25,Limit,2
1354295221522, 1,1,1354295222019,1,102.25,Limit,1
1354295221522, 1,1,1354295222019,2,98.0,Limit,2
1354295221522, 1,1,1354295222019,1,102.5,Limit,1
1354295221522, 1,1,1354295222019,2,97.75,Limit,2
1354295221523, 1,1,1354295222023,2,100.25,Limit,2
1354295221523, 1,1,1354295222023,1,100.25,Limit,1
1354295221523, 1,1,1354295222023,2,100.5,Limit,2
1354295221523, 1,1,1354295222023,1,100.0,Limit,1
1354295221523, 1,1,1354295222023,2,100.75,Limit,2
1354295221523, 1,1,1354295222024,1,99.75,Limit,1
1354295221523, 1,1,1354295222024,2,101.0,Limit,2
1354295221523, 1,1,1354295222024,1,99.5,Limit,1
1354295221523, 1,1,1354295222024,2,101.25,Limit,2
1354295221523, 1,1,1354295222024,1,99.25,Limit,1
1354295221523, 1,1,1354295222024,2,101.5,Limit,2
1354295221523, 1,1,1354295222024,1,99.0,Limit,1
1354295221523, 1,1,1354295222024,2,101.75,Limit,2
1354295221523, 1,1,1354295222024,1,98.75,Limit,1
1354295221523, 1,1,1354295222024,2,102.0,Limit,2
1354295221523, 1,1,1354295222025,1,98.5,Limit,1
1354295221523, 1,1,1354295222025,2,102.25,Limit,2
1354295221523, 1,1,1354295222025,1,98.25,Limit,1
1354295221523, 1,1,1354295222025,2,102.5,Limit,2
1354295221523, 1,1,1354295222042,2,100.25,Limit,2
1354295221523, 1,1,1354295222043,1,100.25,Limit,1
1354295221523, 1,1,1354295222043,2,100.5,Limit,2
1354295221523, 1,1,1354295222043,1,100.0,Limit,1
1354295221523, 1,1,1354295222043,2,100.75,Limit,2
1354295221523, 1,1,1354295222043,1,99.75,Limit,1
1354295221523, 1,1,1354295222043,2,101.0,Limit,2
1354295221523, 1,1,1354295222043,1,99.5,Limit,1
1354295221523, 1,1,1354295222043,2,101.25,Limit,2
1354295221523, 1,1,1354295222043,1,99.25,Limit,1
1354295221523, 1,1,1354295222044,2,101.5,Limit,2
1354295221523, 1,1,1354295222044,1,99.0,Limit,1
1354295221523, 1,1,1354295222044,2,101.75,Limit,2
1354295221523, 1,1,1354295222044,1,98.75,Limit,1
1354295221523, 1,1,1354295222044,2,102.0,Limit,2
1354295221523, 1,1,1354295222044,1,98.5,Limit,1
1354295221523, 1,1,1354295222044,2,102.25,Limit,2
1354295221523, 1,1,1354295222044,1,98.25,Limit,1
1354295221523, 1,1,1354295222044,2,102.5,Limit,2
1354295221523, 1,1,1354295222049,2,100.0,Limit,2
1354295221523, 1,1,1354295222050,1,100.5,Limit,1
1354295221523, 1,1,1354295222050,2,99.75,Limit,2
1354295221523, 1,1,1354295222050,1,100.75,Limit,1
1354295221523, 1,1,1354295222050,2,99.5,Limit,2
1354295221523, 1,1,1354295222050,1,101.0,Limit,1
1354295221523, 1,1,1354295222050,2,99.25,Limit,2
1354295221523, 1,1,1354295222050,1,101.25,Limit,1
1354295221523, 1,1,1354295222050,2,99.0,Limit,2
1354295221523, 1,1,1354295222050,1,101.5,Limit,1
1354295221523, 1,1,1354295222051,2,98.75,Limit,2
1354295221523, 1,1,1354295222051,1,101.75,Limit,1
1354295221523, 1,1,1354295222051,2,98.5,Limit,2
1354295221523, 1,1,1354295222051,1,102.0,Limit,1
1354295221523, 1,1,1354295222051,2,98.25,Limit,2
1354295221523, 1,1,1354295222051,1,102.25,Limit,1
1354295221523, 1,1,1354295222051,2,98.0,Limit,2
1354295221523, 1,1,1354295222051,1,102.5,Limit,1
1354295221523, 1,1,1354295222051,2,97.75,Limit,2
1354295221524, 1,1,1354295222053,2,100.0,Limit,2
1354295221524, 1,1,1354295222053,1,100.5,Limit,1
1354295221524, 1,1,1354295222053,2,99.75,Limit,2
1354295221524, 1,1,1354295222053,1,100.75,Limit,1
1354295221524, 1,1,1354295222053,2,99.5,Limit,2
1354295221524, 1,1,1354295222053,1,101.0,Limit,1
1354295221524, 1,1,1354295222053,2,99.25,Limit,2
1354295221524, 1,1,1354295222053,1,101.25,Limit,1
1354295221524, 1,1,1354295222054,2,99.0,Limit,2
1354295221524, 1,1,1354295222054,1,101.5,Limit,1
1354295221524, 1,1,1354295222054,2,98.75,Limit,2
1354295221524, 1,1,1354295222054,1,101.75,Limit,1
1354295221524, 1,1,1354295222054,2,98.5,Limit,2
1354295221524, 1,1,1354295222054,1,102.0,Limit,1
1354295221524, 1,1,1354295222054,2,98.25,Limit,2
1354295221524, 1,1,1354295222054,1,102.25,Limit,1
1354295221524, 1,1,1354295222054,2,98.0,Limit,2
1354295221524, 1,1,1354295222054,1,102.5,Limit,1
1354295221524, 1,1,1354295222055,2,97.75,Limit,2
1354295221524, 1,1,1354295222055,2,100.0,Limit,2
1354295221524, 1,1,1354295222055,1,100.5,Limit,1
1354295221524, 1,1,1354295222055,2,99.75,Limit,2
1354295221524, 1,1,1354295222055,1,100.75,Limit,1
1354295221524, 1,1,1354295222055,2,99.5,Limit,2
1354295221524, 1,1,1354295222056,1,101.0,Limit,1
1354295221524, 1,1,1354295222056,2,99.25,Limit,2
1354295221524, 1,1,1354295222056,1,101.25,Limit,1
1354295221524, 1,1,1354295222056,2,99.0,Limit,2
1354295221524, 1,1,1354295222056,1,101.5,Limit,1
1354295221524, 1,1,1354295222056,2,98.75,Limit,2
1354295221524, 1,1,1354295222056,1,101.75,Limit,1
1354295221524, 1,1,1354295222056,2,98.5,Limit,2
1354295221524, 1,1,1354295222056,1,102.0,Limit,1
1354295221524, 1,1,1354295222056,2,98.25,Limit,2
1354295221524, 1,1,1354295222057,1,102.25,Limit,1
1354295221524, 1,1,1354295222057,2,98.0,Limit,2
1354295221524, 1,1,1354295222057,1,102.5,Limit,1
1354295221524, 1,1,1354295222057,2,97.75,Limit,2
1354295221524, 1,1,1354295222069,2,100.25,Limit,2
1354295221524, 1,1,1354295222069,1,100.25,Limit,1
1354295221524, 1,1,1354295222069,2,100.5,Limit,2
1354295221524, 1,1,1354295222069,1,100.0,Limit,1
1354295221524, 1,1,1354295222069,2,100.75,Limit,2
1354295221524, 1,1,1354295222070,1,99.75,Limit,1
1354295221524, 1,1,1354295222070,2,101.0,Limit,2
1354295221524, 1,1,1354295222070,1,99.5,Limit,1
1354295221524, 1,1,1354295222070,2,101.25,Limit,2
1354295221524, 1,1,1354295222070,1,99.25,Limit,1
1354295221524, 1,1,1354295222070,2,101.5,Limit,2
1354295221524, 1,1,1354295222070,1,99.0,Limit,1
1354295221524, 1,1,1354295222070,2,101.75,Limit,2
1354295221524, 1,1,1354295222070,1,98.75,Limit,1
1354295221524, 1,1,1354295222070,2,102.0,Limit,2
1354295221524, 1,1,1354295222071,1,98.5,Limit,1
1354295221524, 1,1,1354295222071,2,102.25,Limit,2
1354295221524, 1,1,1354295222071,1,98.25,Limit,1
1354295221524, 1,1,1354295222071,2,102.5,Limit,2
1354295221524, 1,1,1354295222073,2,100.25,Limit,2
1354295221524, 1,1,1354295222073,1,100.25,Limit,1
1354295221524, 1,1,1354295222073,2,100.5,Limit,2
1354295221524, 1,1,1354295222074,1,100.0,Limit,1
1354295221524, 1,1,1354295222074,2,100.75,Limit,2
1354295221524, 1,1,1354295222074,1,99.75,Limit,1
1354295221524, 1,1,1354295222074,2,101.0,Limit,2
1354295221524, 1,1,1354295222074,1,99.5,Limit,1
1354295221524, 1,1,1354295222074,2,101.25,Limit,2
1354295221524, 1,1,1354295222074,1,99.25,Limit,1
1354295221524, 1,1,1354295222074,2,101.5,Limit,2
1354295221524, 1,1,1354295222074,1,99.0,Limit,1
1354295221524, 1,1,1354295222074,2,101.75,Limit,2
1354295221524, 1,1,1354295222075,1,98.75,Limit,1
1354295221524, 1,1,1354295222075,2,102.0,Limit,2
1354295221524, 1,1,1354295222075,1,98.5,Limit,1
1354295221524, 1,1,1354295222075,2,102.25,Limit,2
1354295221524, 1,1,1354295222075,1,98.25,Limit,1
1354295221524, 1,1,1354295222075,2,102.5,Limit,2
1354295221521, 1,1,1354295222079,2,100.0,Limit,2
1354295221521, 1,1,1354295222079,1,100.5,Limit,1
1354295221521, 1,1,1354295222079,2,99.75,Limit,2
1354295221521, 1,1,1354295222079,1,100.75,Limit,1
1354295221521, 1,1,1354295222079,2,99.5,Limit,2
1354295221521, 1,1,1354295222079,1,101.0,Limit,1
1354295221521, 1,1,1354295222080,2,99.25,Limit,2
1354295221521, 1,1,1354295222080,1,101.25,Limit,1
1354295221521, 1,1,1354295222080,2,99.0,Limit,2
1354295221521, 1,1,1354295222080,1,101.5,Limit,1
1354295221521, 1,1,1354295222080,2,98.75,Limit,2
1354295221521, 1,1,1354295222080,1,101.75,Limit,1
1354295221521, 1,1,1354295222080,2,98.5,Limit,2
1354295221521, 1,1,1354295222080,1,102.0,Limit,1
1354295221521, 1,1,1354295222080,2,98.25,Limit,2
1354295221521, 1,1,1354295222080,1,102.25,Limit,1
1354295221521, 1,1,1354295222081,2,98.0,Limit,2
1354295221521, 1,1,1354295222081,1,102.5,Limit,1
1354295221521, 1,1,1354295222081,2,97.75,Limit,2
1354295221521, 1,1,1354295222084,2,100.0,Limit,2
1354295221521, 1,1,1354295222084,1,100.5,Limit,1
1354295221521, 1,1,1354295222084,2,99.75,Limit,2
1354295221521, 1,1,1354295222084,1,100.75,Limit,1
1354295221521, 1,1,1354295222084,2,99.5,Limit,2
1354295221521, 1,1,1354295222084,1,101.0,Limit,1
1354295221521, 1,1,1354295222085,2,99.25,Limit,2
1354295221521, 1,1,1354295222085,1,101.25,Limit,1
1354295221521, 1,1,1354295222085,2,99.0,Limit,2
1354295221521, 1,1,1354295222085,1,101.5,Limit,1
1354295221521, 1,1,1354295222085,2,98.75,Limit,2
1354295221521, 1,1,1354295222085,1,101.75,Limit,1
1354295221521, 1,1,1354295222085,2,98.5,Limit,2
1354295221521, 1,1,1354295222085,1,102.0,Limit,1
1354295221521, 1,1,1354295222085,2,98.25,Limit,2
1354295221521, 1,1,1354295222085,1,102.25,Limit,1
1354295221521, 1,1,1354295222086,2,98.0,Limit,2
1354295221521, 1,1,1354295222086,1,102.5,Limit,1
1354295221521, 1,1,1354295222086,2,97.75,Limit,2
1354295221523, 1,1,1354295222091,2,100.25,Limit,2
1354295221523, 1,1,1354295222092,1,100.25,Limit,1
1354295221523, 1,1,1354295222092,2,100.5,Limit,2
1354295221523, 1,1,1354295222092,1,100.0,Limit,1
1354295221523, 1,1,1354295222092,2,100.75,Limit,2
1354295221523, 1,1,1354295222092,1,99.75,Limit,1
1354295221523, 1,1,1354295222092,2,101.0,Limit,2
1354295221523, 1,1,1354295222092,1,99.5,Limit,1
1354295221523, 1,1,1354295222092,2,101.25,Limit,2
1354295221523, 1,1,1354295222092,1,99.25,Limit,1
1354295221523, 1,1,1354295222093,2,101.5,Limit,2
1354295221523, 1,1,1354295222093,1,99.0,Limit,1
1354295221523, 1,1,1354295222093,2,101.75,Limit,2
1354295221523, 1,1,1354295222093,1,98.75,Limit,1
1354295221523, 1,1,1354295222093,2,102.0,Limit,2
1354295221523, 1,1,1354295222093,1,98.5,Limit,1
1354295221523, 1,1,1354295222093,2,102.25,Limit,2
1354295221523, 1,1,1354295222093,1,98.25,Limit,1
1354295221523, 1,1,1354295222093,2,102.5,Limit,2
1354295221521, 1,1,1354295222095,2,100.0,Limit,2
1354295221521, 1,1,1354295222095,1,100.5,Limit,1
1354295221521, 1,1,1354295222095,2,99.75,Limit,2
1354295221521, 1,1,1354295222095,1,100.75,Limit,1
1354295221521, 1,1,1354295222095,2,99.5,Limit,2
1354295221521, 1,1,1354295222095,1,101.0,Limit,1
1354295221521, 1,1,1354295222095,2,99.25,Limit,2
1354295221521, 1,1,1354295222096,1,101.25,Limit,1
1354295221521, 1,1,1354295222096,2,99.0,Limit,2
1354295221521, 1,1,1354295222096,1,101.5,Limit,1
1354295221521, 1,1,1354295222096,2,98.75,Limit,2
1354295221521, 1,1,1354295222096,1,101.75,Limit,1
1354295221521, 1,1,1354295222096,2,98.5,Limit,2
1354295221521, 1,1,1354295222096,1,102.0,Limit,1
1354295221521, 1,1,1354295222096,2,98.25,Limit,2
1354295221521, 1,1,1354295222096,1,102.25,Limit,1
1354295221521, 1,1,1354295222097,2,98.0,Limit,2
1354295221521, 1,1,1354295222097,1,102.5,Limit,1
1354295221521, 1,1,1354295222097,2,97.75,Limit,2
1354295221522, 1,1,1354295222114,2,100.0,Limit,2
1354295221522, 1,1,1354295222114,1,100.5,Limit,1
1354295221522, 1,1,1354295222114,2,99.75,Limit,2
1354295221522, 1,1,1354295222114,1,100.75,Limit,1
1354295221522, 1,1,1354295222114,2,99.5,Limit,2
1354295221522, 1,1,1354295222114,1,101.0,Limit,1
1354295221522, 1,1,1354295222115,2,99.25,Limit,2
1354295221522, 1,1,1354295222115,1,101.25,Limit,1
1354295221522, 1,1,1354295222115,2,99.0,Limit,2
1354295221522, 1,1,1354295222115,1,101.5,Limit,1
1354295221522, 1,1,1354295222115,2,98.75,Limit,2
1354295221522, 1,1,1354295222115,1,101.75,Limit,1
1354295221522, 1,1,1354295222115,2,98.5,Limit,2
1354295221522, 1,1,1354295222115,1,102.0,Limit,1
1354295221522, 1,1,1354295222115,2,98.25,Limit,2
1354295221522, 1,1,1354295222115,1,102.25,Limit,1
1354295221522, 1,1,1354295222116,2,98.0,Limit,2
1354295221522, 1,1,1354295222116,1,102.5,Limit,1
1354295221522, 1,1,1354295222116,2,97.75,Limit,2
1354295221523, 1,1,1354295222119,2,100.0,Limit,2
1354295221523, 1,1,1354295222119,1,100.5,Limit,1
1354295221523, 1,1,1354295222119,2,99.75,Limit,2
1354295221523, 1,1,1354295222119,1,100.75,Limit,1
1354295221523, 1,1,1354295222120,2,99.5,Limit,2
1354295221523, 1,1,1354295222120,1,101.0,Limit,1
1354295221523, 1,1,1354295222120,2,99.25,Limit,2
1354295221523, 1,1,1354295222120,1,101.25,Limit,1
1354295221523, 1,1,1354295222120,2,99.0,Limit,2
1354295221523, 1,1,1354295222120,1,101.5,Limit,1
1354295221523, 1,1,1354295222120,2,98.75,Limit,2
1354295221523, 1,1,1354295222120,1,101.75,Limit,1
1354295221523, 1,1,1354295222120,2,98.5,Limit,2
1354295221523, 1,1,1354295222120,1,102.0,Limit,1
1354295221523, 1,1,1354295222121,2,98.25,Limit,2
1354295221523, 1,1,1354295222121,1,102.25,Limit,1
1354295221523, 1,1,1354295222121,2,98.0,Limit,2
1354295221523, 1,1,1354295222121,1,102.5,Limit,1
1354295221523, 1,1,1354295222121,2,97.75,Limit,2
1354295221523, 1,1,1354295222128,2,100.25,Limit,2
1354295221523, 1,1,1354295222129,1,100.25,Limit,1
1354295221523, 1,1,1354295222129,2,100.5,Limit,2
1354295221523, 1,1,1354295222129,1,100.0,Limit,1
1354295221523, 1,1,1354295222129,2,100.75,Limit,2
1354295221523, 1,1,1354295222129,1,99.75,Limit,1
1354295221523, 1,1,1354295222129,2,101.0,Limit,2
1354295221523, 1,1,1354295222129,1,99.5,Limit,1
1354295221523, 1,1,1354295222129,2,101.25,Limit,2
1354295221523, 1,1,1354295222129,1,99.25,Limit,1
1354295221523, 1,1,1354295222129,2,101.5,Limit,2
1354295221523, 1,1,1354295222130,1,99.0,Limit,1
1354295221523, 1,1,1354295222130,2,101.75,Limit,2
1354295221523, 1,1,1354295222130,1,98.75,Limit,1
1354295221523, 1,1,1354295222130,2,102.0,Limit,2
1354295221523, 1,1,1354295222130,1,98.5,Limit,1
1354295221523, 1,1,1354295222130,2,102.25,Limit,2
1354295221523, 1,1,1354295222130,1,98.25,Limit,1
1354295221523, 1,1,1354295222130,2,102.5,Limit,2
1354295221522, 1,1,1354295222133,2,100.25,Limit,2
1354295221522, 1,1,1354295222134,1,100.25,Limit,1
1354295221522, 1,1,1354295222134,2,100.5,Limit,2
1354295221522, 1,1,1354295222134,1,100.0,Limit,1
1354295221522, 1,1,1354295222134,2,100.75,Limit,2
1354295221522, 1,1,1354295222134,1,99.75,Limit,1
1354295221522, 1,1,1354295222134,2,101.0,Limit,2
1354295221522, 1,1,1354295222134,1,99.5,Limit,1
1354295221522, 1,1,1354295222134,2,101.25,Limit,2
1354295221522, 1,1,1354295222134,1,99.25,Limit,1
1354295221522, 1,1,1354295222135,2,101.5,Limit,2
1354295221522, 1,1,1354295222135,1,99.0,Limit,1
1354295221522, 1,1,1354295222135,2,101.75,Limit,2
1354295221522, 1,1,1354295222135,1,98.75,Limit,1
1354295221522, 1,1,1354295222135,2,102.0,Limit,2
1354295221522, 1,1,1354295222135,1,98.5,Limit,1
1354295221522, 1,1,1354295222135,2,102.25,Limit,2
1354295221522, 1,1,1354295222135,1,98.25,Limit,1
1354295221522, 1,1,1354295222135,2,102.5,Limit,2
1354295221522, 1,1,1354295222151,2,100.25,Limit,2
1354295221522, 1,1,1354295222151,1,100.25,Limit,1
1354295221522, 1,1,1354295222151,2,100.5,Limit,2
1354295221522, 1,1,1354295222152,1,100.0,Limit,1
1354295221522, 1,1,1354295222152,2,100.75,Limit,2
1354295221522, 1,1,1354295222152,1,99.75,Limit,1
1354295221522, 1,1,1354295222152,2,101.0,Limit,2
1354295221522, 1,1,1354295222152,1,99.5,Limit,1
1354295221522, 1,1,1354295222152,2,101.25,Limit,2
1354295221522, 1,1,1354295222152,1,99.25,Limit,1
1354295221522, 1,1,1354295222152,2,101.5,Limit,2
1354295221522, 1,1,1354295222152,1,99.0,Limit,1
1354295221522, 1,1,1354295222152,2,101.75,Limit,2
1354295221522, 1,1,1354295222153,1,98.75,Limit,1
1354295221522, 1,1,1354295222153,2,102.0,Limit,2
1354295221522, 1,1,1354295222153,1,98.5,Limit,1
1354295221522, 1,1,1354295222153,2,102.25,Limit,2
1354295221522, 1,1,1354295222153,1,98.25,Limit,1
1354295221522, 1,1,1354295222153,2,102.5,Limit,2
1354295221523, 1,1,1354295222155,2,100.25,Limit,2
1354295221523, 1,1,1354295222155,1,100.25,Limit,1
1354295221523, 1,1,1354295222155,2,100.5,Limit,2
1354295221523, 1,1,1354295222155,1,100.0,Limit,1
1354295221523, 1,1,1354295222155,2,100.75,Limit,2
1354295221523, 1,1,1354295222155,1,99.75,Limit,1
1354295221523, 1,1,1354295222156,2,101.0,Limit,2
1354295221523, 1,1,1354295222156,1,99.5,Limit,1
1354295221523, 1,1,1354295222156,2,101.25,Limit,2
1354295221523, 1,1,1354295222156,1,99.25,Limit,1
1354295221523, 1,1,1354295222156,2,101.5,Limit,2
1354295221523, 1,1,1354295222156,1,99.0,Limit,1
1354295221523, 1,1,1354295222156,2,101.75,Limit,2
1354295221523, 1,1,1354295222156,1,98.75,Limit,1
1354295221523, 1,1,1354295222156,2,102.0,Limit,2
1354295221523, 1,1,1354295222156,1,98.5,Limit,1
1354295221523, 1,1,1354295222157,2,102.25,Limit,2
1354295221523, 1,1,1354295222157,1,98.25,Limit,1
1354295221523, 1,1,1354295222157,2,102.5,Limit,2
1354295221524, 1,1,1354295222166,2,100.25,Limit,2
1354295221524, 1,1,1354295222166,1,100.25,Limit,1
1354295221524, 1,1,1354295222167,2,100.5,Limit,2
1354295221524, 1,1,1354295222167,1,100.0,Limit,1
1354295221524, 1,1,1354295222167,2,100.75,Limit,2
1354295221524, 1,1,1354295222167,1,99.75,Limit,1
1354295221524, 1,1,1354295222167,2,101.0,Limit,2
1354295221524, 1,1,1354295222167,1,99.5,Limit,1
1354295221524, 1,1,1354295222167,2,101.25,Limit,2
1354295221524, 1,1,1354295222167,1,99.25,Limit,1
1354295221524, 1,1,1354295222167,2,101.5,Limit,2
1354295221524, 1,1,1354295222167,1,99.0,Limit,1
1354295221524, 1,1,1354295222168,2,101.75,Limit,2
1354295221524, 1,1,1354295222168,1,98.75,Limit,1
1354295221524, 1,1,1354295222168,2,102.0,Limit,2
1354295221524, 1,1,1354295222168,1,98.5,Limit,1
1354295221524, 1,1,1354295222168,2,102.25,Limit,2
1354295221524, 1,1,1354295222168,1,98.25,Limit,1
1354295221524, 1,1,1354295222168,2,102.5,Limit,2
1354295221522, 1,1,1354295222175,2,100.25,Limit,2
1354295221522, 1,1,1354295222175,1,100.25,Limit,1
1354295221522, 1,1,1354295222175,2,100.5,Limit,2
1354295221522, 1,1,1354295222175,1,100.0,Limit,1
1354295221522, 1,1,1354295222175,2,100.75,Limit,2
1354295221522, 1,1,1354295222176,1,99.75,Limit,1
1354295221522, 1,1,1354295222176,2,101.0,Limit,2
1354295221522, 1,1,1354295222176,1,99.5,Limit,1
1354295221522, 1,1,1354295222176,2,101.25,Limit,2
1354295221522, 1,1,1354295222176,1,99.25,Limit,1
1354295221522, 1,1,1354295222176,2,101.5,Limit,2
1354295221522, 1,1,1354295222176,1,99.0,Limit,1
1354295221522, 1,1,1354295222176,2,101.75,Limit,2
1354295221522, 1,1,1354295222176,1,98.75,Limit,1
1354295221522, 1,1,1354295222176,2,102.0,Limit,2
1354295221522, 1,1,1354295222177,1,98.5,Limit,1
1354295221522, 1,1,1354295222177,2,102.25,Limit,2
1354295221522, 1,1,1354295222177,1,98.25,Limit,1
1354295221522, 1,1,1354295222177,2,102.5,Limit,2
1354295221523, 1,1,1354295222181,2,100.0,Limit,2
1354295221523, 1,1,1354295222181,1,100.5,Limit,1
1354295221523, 1,1,1354295222181,2,99.75,Limit,2
1354295221523, 1,1,1354295222181,1,100.75,Limit,1
1354295221523, 1,1,1354295222181,2,99.5,Limit,2
1354295221523, 1,1,1354295222181,1,101.0,Limit,1
1354295221523, 1,1,1354295222181,2,99.25,Limit,2
1354295221523, 1,1,1354295222181,1,101.25,Limit,1
1354295221523, 1,1,1354295222182,2,99.0,Limit,2
1354295221523, 1,1,1354295222182,1,101.5,Limit,1
1354295221523, 1,1,1354295222182,2,98.75,Limit,2
1354295221523, 1,1,1354295222182,1,101.75,Limit,1
1354295221523, 1,1,1354295222182,2,98.5,Limit,2
1354295221523, 1,1,1354295222182,1,102.0,Limit,1
1354295221523, 1,1,1354295222182,2,98.25,Limit,2
1354295221523, 1,1,1354295222182,1,102.25,Limit,1
1354295221523, 1,1,1354295222182,2,98.0,Limit,2
1354295221523, 1,1,1354295222182,1,102.5,Limit,1
1354295221523, 1,1,1354295222183,2,97.75,Limit,2
1354295221523, 1,1,1354295222183,2,100.0,Limit,2
1354295221523, 1,1,1354295222183,1,100.5,Limit,1
1354295221523, 1,1,1354295222183,2,99.75,Limit,2
1354295221523, 1,1,1354295222183,1,100.75,Limit,1
1354295221523, 1,1,1354295222183,2,99.5,Limit,2
1354295221523, 1,1,1354295222183,1,101.0,Limit,1
1354295221523, 1,1,1354295222183,2,99.25,Limit,2
1354295221523, 1,1,1354295222183,1,101.25,Limit,1
1354295221523, 1,1,1354295222183,2,99.0,Limit,2
1354295221523, 1,1,1354295222184,1,101.5,Limit,1
1354295221523, 1,1,1354295222184,2,98.75,Limit,2
1354295221523, 1,1,1354295222184,1,101.75,Limit,1
1354295221523, 1,1,1354295222184,2,98.5,Limit,2
1354295221523, 1,1,1354295222184,1,102.0,Limit,1
1354295221523, 1,1,1354295222184,2,98.25,Limit,2
1354295221523, 1,1,1354295222184,1,102.25,Limit,1
1354295221523, 1,1,1354295222184,2,98.0,Limit,2
1354295221523, 1,1,1354295222184,1,102.5,Limit,1
1354295221523, 1,1,1354295222185,2,97.75,Limit,2
1354295221524, 1,1,1354295222185,2,100.0,Limit,2
1354295221524, 1,1,1354295222185,1,100.5,Limit,1
1354295221524, 1,1,1354295222185,2,99.75,Limit,2
1354295221524, 1,1,1354295222185,1,100.75,Limit,1
1354295221524, 1,1,1354295222185,2,99.5,Limit,2
1354295221524, 1,1,1354295222185,1,101.0,Limit,1
1354295221524, 1,1,1354295222186,2,99.25,Limit,2
1354295221524, 1,1,1354295222186,1,101.25,Limit,1
1354295221524, 1,1,1354295222186,2,99.0,Limit,2
1354295221524, 1,1,1354295222186,1,101.5,Limit,1
1354295221524, 1,1,1354295222186,2,98.75,Limit,2
1354295221524, 1,1,1354295222186,1,101.75,Limit,1
1354295221524, 1,1,1354295222186,2,98.5,Limit,2
1354295221524, 1,1,1354295222186,1,102.0,Limit,1
1354295221524, 1,1,1354295222186,2,98.25,Limit,2
1354295221524, 1,1,1354295222186,1,102.25,Limit,1
1354295221524, 1,1,1354295222187,2,98.0,Limit,2
1354295221524, 1,1,1354295222187,1,102.5,Limit,1
1354295221524, 1,1,1354295222187,2,97.75,Limit,2
1354295221521, 1,1,1354295222187,2,100.0,Limit,2
1354295221521, 1,1,1354295222187,1,100.5,Limit,1
1354295221521, 1,1,1354295222187,2,99.75,Limit,2
1354295221521, 1,1,1354295222187,1,100.75,Limit,1
1354295221521, 1,1,1354295222188,2,99.5,Limit,2
1354295221521, 1,1,1354295222188,1,101.0,Limit,1
1354295221521, 1,1,1354295222188,2,99.25,Limit,2
1354295221521, 1,1,1354295222188,1,101.25,Limit,1
1354295221521, 1,1,1354295222188,2,99.0,Limit,2
1354295221521, 1,1,1354295222188,1,101.5,Limit,1
1354295221521, 1,1,1354295222188,2,98.75,Limit,2
1354295221521, 1,1,1354295222188,1,101.75,Limit,1
1354295221521, 1,1,1354295222188,2,98.5,Limit,2
1354295221521, 1,1,1354295222188,1,102.0,Limit,1
1354295221521, 1,1,1354295222189,2,98.25,Limit,2
1354295221521, 1,1,1354295222189,1,102.25,Limit,1
1354295221521, 1,1,1354295222189,2,98.0,Limit,2
1354295221521, 1,1,1354295222189,1,102.5,Limit,1
1354295221521, 1,1,1354295222189,2,97.75,Limit,2
1354295221524, 1,1,1354295222193,2,100.0,Limit,2
1354295221524, 1,1,1354295222194,1,100.5,Limit,1
1354295221524, 1,1,1354295222194,2,99.75,Limit,2
1354295221524, 1,1,1354295222194,1,100.75,Limit,1
1354295221524, 1,1,1354295222194,2,99.5,Limit,2
1354295221524, 1,1,1354295222194,1,101.0,Limit,1
1354295221524, 1,1,1354295222194,2,99.25,Limit,2
1354295221524, 1,1,1354295222194,1,101.25,Limit,1
1354295221524, 1,1,1354295222194,2,99.0,Limit,2
1354295221524, 1,1,1354295222195,1,101.5,Limit,1
1354295221524, 1,1,1354295222195,2,98.75,Limit,2
1354295221524, 1,1,1354295222195,1,101.75,Limit,1
1354295221524, 1,1,1354295222195,2,98.5,Limit,2
1354295221524, 1,1,1354295222195,1,102.0,Limit,1
1354295221524, 1,1,1354295222195,2,98.25,Limit,2
1354295221524, 1,1,1354295222195,1,102.25,Limit,1
1354295221524, 1,1,1354295222195,2,98.0,Limit,2
1354295221524, 1,1,1354295222195,1,102.5,Limit,1
1354295221524, 1,1,1354295222195,2,97.75,Limit,2
1354295221523, 1,1,1354295222197,2,100.0,Limit,2
1354295221523, 1,1,1354295222197,1,100.5,Limit,1
1354295221523, 1,1,1354295222197,2,99.75,Limit,2
1354295221523, 1,1,1354295222197,1,100.75,Limit,1
1354295221523, 1,1,1354295222197,2,99.5,Limit,2
1354295221523, 1,1,1354295222197,1,101.0,Limit,1
1354295221523, 1,1,1354295222198,2,99.25,Limit,2
1354295221523, 1,1,1354295222198,1,101.25,Limit,1
1354295221523, 1,1,1354295222198,2,99.0,Limit,2
1354295221523, 1,1,1354295222198,1,101.5,Limit,1
1354295221523, 1,1,1354295222198,2,98.75,Limit,2
1354295221523, 1,1,1354295222198,1,101.75,Limit,1
1354295221523, 1,1,1354295222198,2,98.5,Limit,2
1354295221523, 1,1,1354295222198,1,102.0,Limit,1
1354295221523, 1,1,1354295222198,2,98.25,Limit,2
1354295221523, 1,1,1354295222198,1,102.25,Limit,1
1354295221523, 1,1,1354295222199,2,98.0,Limit,2
1354295221523, 1,1,1354295222199,1,102.5,Limit,1
1354295221523, 1,1,1354295222199,2,97.75,Limit,2
1354295221523, 1,1,1354295222239,2,100.25,Limit,2
1354295221523, 1,1,1354295222239,1,100.25,Limit,1
1354295221523, 1,1,1354295222239,2,100.5,Limit,2
1354295221523, 1,1,1354295222239,1,100.0,Limit,1
1354295221523, 1,1,1354295222239,2,100.75,Limit,2
1354295221523, 1,1,1354295222240,1,99.75,Limit,1
1354295221523, 1,1,1354295222240,2,101.0,Limit,2
1354295221523, 1,1,1354295222240,1,99.5,Limit,1
1354295221523, 1,1,1354295222240,2,101.25,Limit,2
1354295221523, 1,1,1354295222240,1,99.25,Limit,1
1354295221523, 1,1,1354295222240,2,101.5,Limit,2
1354295221523, 1,1,1354295222240,1,99.0,Limit,1
1354295221523, 1,1,1354295222240,2,101.75,Limit,2
1354295221523, 1,1,1354295222240,1,98.75,Limit,1
1354295221523, 1,1,1354295222241,2,102.0,Limit,2
1354295221523, 1,1,1354295222241,1,98.5,Limit,1
1354295221523, 1,1,1354295222241,2,102.25,Limit,2
1354295221523, 1,1,1354295222241,1,98.25,Limit,1
1354295221523, 1,1,1354295222241,2,102.5,Limit,2
1354295221521, 1,1,1354295222242,2,100.25,Limit,2
1354295221521, 1,1,1354295222242,1,100.25,Limit,1
1354295221521, 1,1,1354295222242,2,100.5,Limit,2
1354295221521, 1,1,1354295222242,1,100.0,Limit,1
1354295221521, 1,1,1354295222243,2,100.75,Limit,2
1354295221521, 1,1,1354295222243,1,99.75,Limit,1
1354295221521, 1,1,1354295222243,2,101.0,Limit,2
1354295221521, 1,1,1354295222243,1,99.5,Limit,1
1354295221521, 1,1,1354295222243,2,101.25,Limit,2
1354295221521, 1,1,1354295222243,1,99.25,Limit,1
1354295221521, 1,1,1354295222243,2,101.5,Limit,2
1354295221521, 1,1,1354295222243,1,99.0,Limit,1
1354295221521, 1,1,1354295222243,2,101.75,Limit,2
1354295221521, 1,1,1354295222243,1,98.75,Limit,1
1354295221521, 1,1,1354295222244,2,102.0,Limit,2
1354295221521, 1,1,1354295222244,1,98.5,Limit,1
1354295221521, 1,1,1354295222244,2,102.25,Limit,2
1354295221521, 1,1,1354295222244,1,98.25,Limit,1
1354295221521, 1,1,1354295222244,2,102.5,Limit,2
1354295221524, 1,1,1354295222247,2,100.25,Limit,2
1354295221524, 1,1,1354295222247,1,100.25,Limit,1
1354295221524, 1,1,1354295222247,2,100.5,Limit,2
1354295221524, 1,1,1354295222247,1,100.0,Limit,1
1354295221524, 1,1,1354295222247,2,100.75,Limit,2
1354295221524, 1,1,1354295222247,1,99.75,Limit,1
1354295221524, 1,1,1354295222248,2,101.0,Limit,2
1354295221524, 1,1,1354295222248,1,99.5,Limit,1
1354295221524, 1,1,1354295222248,2,101.25,Limit,2
1354295221524, 1,1,1354295222248,1,99.25,Limit,1
1354295221524, 1,1,1354295222248,2,101.5,Limit,2
1354295221524, 1,1,1354295222248,1,99.0,Limit,1
1354295221524, 1,1,1354295222248,2,101.75,Limit,2
1354295221524, 1,1,1354295222248,1,98.75,Limit,1
1354295221524, 1,1,1354295222248,2,102.0,Limit,2
1354295221524, 1,1,1354295222248,1,98.5,Limit,1
1354295221524, 1,1,1354295222249,2,102.25,Limit,2
1354295221524, 1,1,1354295222249,1,98.25,Limit,1
1354295221524, 1,1,1354295222249,2,102.5,Limit,2
1354295221522, 1,1,1354295222255,2,100.25,Limit,2
1354295221522, 1,1,1354295222255,1,100.25,Limit,1
1354295221522, 1,1,1354295222255,2,100.5,Limit,2
1354295221522, 1,1,1354295222255,1,100.0,Limit,1
1354295221522, 1,1,1354295222256,2,100.75,Limit,2
1354295221522, 1,1,1354295222256,1,99.75,Limit,1
1354295221522, 1,1,1354295222256,2,101.0,Limit,2
1354295221522, 1,1,1354295222256,1,99.5,Limit,1
1354295221522, 1,1,1354295222256,2,101.25,Limit,2
1354295221522, 1,1,1354295222256,1,99.25,Limit,1
1354295221522, 1,1,1354295222256,2,101.5,Limit,2
1354295221522, 1,1,1354295222256,1,99.0,Limit,1
1354295221522, 1,1,1354295222256,2,101.75,Limit,2
1354295221522, 1,1,1354295222256,1,98.75,Limit,1
1354295221522, 1,1,1354295222257,2,102.0,Limit,2
1354295221522, 1,1,1354295222257,1,98.5,Limit,1
1354295221522, 1,1,1354295222257,2,102.25,Limit,2
1354295221522, 1,1,1354295222257,1,98.25,Limit,1
1354295221522, 1,1,1354295222257,2,102.5,Limit,2
1354295221524, 1,1,1354295222258,2,100.0,Limit,2
1354295221524, 1,1,1354295222259,1,100.5,Limit,1
1354295221524, 1,1,1354295222259,2,99.75,Limit,2
1354295221524, 1,1,1354295222259,1,100.75,Limit,1
1354295221524, 1,1,1354295222259,2,99.5,Limit,2
1354295221524, 1,1,1354295222259,1,101.0,Limit,1
1354295221524, 1,1,1354295222259,2,99.25,Limit,2
1354295221524, 1,1,1354295222259,1,101.25,Limit,1
1354295221524, 1,1,1354295222259,2,99.0,Limit,2
1354295221524, 1,1,1354295222259,1,101.5,Limit,1
1354295221524, 1,1,1354295222260,2,98.75,Limit,2
1354295221524, 1,1,1354295222260,1,101.75,Limit,1
1354295221524, 1,1,1354295222260,2,98.5,Limit,2
1354295221524, 1,1,1354295222260,1,102.0,Limit,1
1354295221524, 1,1,1354295222260,2,98.25,Limit,2
1354295221524, 1,1,1354295222260,1,102.25,Limit,1
1354295221524, 1,1,1354295222260,2,98.0,Limit,2
1354295221524, 1,1,1354295222260,1,102.5,Limit,1
1354295221524, 1,1,1354295222260,2,97.75,Limit,2
1354295221520, 1,1,1354295222273,2,100.0,Limit,2
1354295221520, 1,1,1354295222274,1,100.5,Limit,1
1354295221520, 1,1,1354295222274,2,99.75,Limit,2
1354295221520, 1,1,1354295222274,1,100.75,Limit,1
1354295221520, 1,1,1354295222274,2,99.5,Limit,2
1354295221520, 1,1,1354295222274,1,101.0,Limit,1
1354295221520, 1,1,1354295222274,2,99.25,Limit,2
1354295221520, 1,1,1354295222274,1,101.25,Limit,1
1354295221520, 1,1,1354295222274,2,99.0,Limit,2
1354295221520, 1,1,1354295222274,1,101.5,Limit,1
1354295221520, 1,1,1354295222274,2,98.75,Limit,2
1354295221520, 1,1,1354295222275,1,101.75,Limit,1
1354295221520, 1,1,1354295222275,2,98.5,Limit,2
1354295221520, 1,1,1354295222275,1,102.0,Limit,1
1354295221520, 1,1,1354295222275,2,98.25,Limit,2
1354295221520, 1,1,1354295222275,1,102.25,Limit,1
1354295221520, 1,1,1354295222275,2,98.0,Limit,2
1354295221520, 1,1,1354295222275,1,102.5,Limit,1
1354295221520, 1,1,1354295222275,2,97.75,Limit,2
1354295221521, 1,1,1354295222294,2,100.25,Limit,2
1354295221521, 1,1,1354295222294,1,100.25,Limit,1
1354295221521, 1,1,1354295222294,2,100.5,Limit,2
1354295221521, 1,1,1354295222294,1,100.0,Limit,1
1354295221521, 1,1,1354295222294,2,100.75,Limit,2
1354295221521, 1,1,1354295222294,1,99.75,Limit,1
1354295221521, 1,1,1354295222294,2,101.0,Limit,2
1354295221521, 1,1,1354295222294,1,99.5,Limit,1
1354295221521, 1,1,1354295222294,2,101.25,Limit,2
1354295221521, 1,1,1354295222295,1,99.25,Limit,1
1354295221521, 1,1,1354295222295,2,101.5,Limit,2
1354295221521, 1,1,1354295222295,1,99.0,Limit,1
1354295221521, 1,1,1354295222295,2,101.75,Limit,2
1354295221521, 1,1,1354295222295,1,98.75,Limit,1
1354295221521, 1,1,1354295222295,2,102.0,Limit,2
1354295221521, 1,1,1354295222295,1,98.5,Limit,1
1354295221521, 1,1,1354295222295,2,102.25,Limit,2
1354295221521, 1,1,1354295222295,1,98.25,Limit,1
1354295221521, 1,1,1354295222295,2,102.5,Limit,2
1354295221523, 1,1,1354295222299,2,100.0,Limit,2
1354295221523, 1,1,1354295222299,1,100.5,Limit,1
1354295221523, 1,1,1354295222299,2,99.75,Limit,2
1354295221523, 1,1,1354295222299,1,100.75,Limit,1
1354295221523, 1,1,1354295222299,2,99.5,Limit,2
1354295221523, 1,1,1354295222299,1,101.0,Limit,1
1354295221523, 1,1,1354295222299,2,99.25,Limit,2
1354295221523, 1,1,1354295222299,1,101.25,Limit,1
1354295221523, 1,1,1354295222299,2,99.0,Limit,2
1354295221523, 1,1,1354295222300,1,101.5,Limit,1
1354295221523, 1,1,1354295222300,2,98.75,Limit,2
1354295221523, 1,1,1354295222300,1,101.75,Limit,1
1354295221523, 1,1,1354295222300,2,98.5,Limit,2
1354295221523, 1,1,1354295222300,1,102.0,Limit,1
1354295221523, 1,1,1354295222300,2,98.25,Limit,2
1354295221523, 1,1,1354295222300,1,102.25,Limit,1
1354295221523, 1,1,1354295222300,2,98.0,Limit,2
1354295221523, 1,1,1354295222300,1,102.5,Limit,1
1354295221523, 1,1,1354295222301,2,97.75,Limit,2
1354295221523, 1,1,1354295222301,2,0.0,Market,2
1354295221523, 3,1,1354295222301,2,0.0,Market,0
1354295221523, 1,1,1354295222309,2,100.0,Limit,2
1354295221523, 1,1,1354295222309,1,100.5,Limit,1
1354295221523, 1,1,1354295222309,2,99.75,Limit,2
1354295221523, 1,1,1354295222309,1,100.75,Limit,1
1354295221523, 1,1,1354295222309,2,99.5,Limit,2
1354295221523, 1,1,1354295222309,1,101.0,Limit,1
1354295221523, 1,1,1354295222309,2,99.25,Limit,2
1354295221523, 1,1,1354295222309,1,101.25,Limit,1
1354295221523, 1,1,1354295222309,2,99.0,Limit,2
1354295221523, 1,1,1354295222310,1,101.5,Limit,1
1354295221523, 1,1,1354295222310,2,98.75,Limit,2
1354295221523, 1,1,1354295222310,1,101.75,Limit,1
1354295221523, 1,1,1354295222310,2,98.5,Limit,2
1354295221523, 1,1,1354295222310,1,102.0,Limit,1
1354295221523, 1,1,1354295222310,2,98.25,Limit,2
1354295221523, 1,1,1354295222310,1,102.25,Limit,1
1354295221523, 1,1,1354295222310,2,98.0,Limit,2
1354295221523, 1,1,1354295222310,1,102.5,Limit,1
1354295221523, 1,1,1354295222310,2,97.75,Limit,2
1354295221524, 1,1,1354295222324,2,100.25,Limit,2
1354295221524, 1,1,1354295222325,1,100.25,Limit,1
1354295221524, 1,1,1354295222325,2,100.5,Limit,2
1354295221524, 1,1,1354295222325,1,100.0,Limit,1
1354295221524, 1,1,1354295222325,2,100.75,Limit,2
1354295221524, 1,1,1354295222325,1,99.75,Limit,1
1354295221524, 1,1,1354295222325,2,101.0,Limit,2
1354295221524, 1,1,1354295222325,1,99.5,Limit,1
1354295221524, 1,1,1354295222325,2,101.25,Limit,2
1354295221524, 1,1,1354295222325,1,99.25,Limit,1
1354295221524, 1,1,1354295222326,2,101.5,Limit,2
1354295221524, 1,1,1354295222326,1,99.0,Limit,1
1354295221524, 1,1,1354295222326,2,101.75,Limit,2
1354295221524, 1,1,1354295222326,1,98.75,Limit,1
1354295221524, 1,1,1354295222326,2,102.0,Limit,2
1354295221524, 1,1,1354295222326,1,98.5,Limit,1
1354295221524, 1,1,1354295222326,2,102.25,Limit,2
1354295221524, 1,1,1354295222326,1,98.25,Limit,1
1354295221524, 1,1,1354295222326,2,102.5,Limit,2
1354295221524, 1,1,1354295222340,2,100.25,Limit,2
1354295221524, 1,1,1354295222341,1,100.25,Limit,1
1354295221524, 1,1,1354295222341,2,100.5,Limit,2
1354295221524, 1,1,1354295222341,1,100.0,Limit,1
1354295221524, 1,1,1354295222341,2,100.75,Limit,2
1354295221524, 1,1,1354295222341,1,99.75,Limit,1
1354295221524, 1,1,1354295222341,2,101.0,Limit,2
1354295221524, 1,1,1354295222341,1,99.5,Limit,1
1354295221524, 1,1,1354295222341,2,101.25,Limit,2
1354295221524, 1,1,1354295222341,1,99.25,Limit,1
1354295221524, 1,1,1354295222341,2,101.5,Limit,2
1354295221524, 1,1,1354295222342,1,99.0,Limit,1
1354295221524, 1,1,1354295222342,2,101.75,Limit,2
1354295221524, 1,1,1354295222342,1,98.75,Limit,1
1354295221524, 1,1,1354295222342,2,102.0,Limit,2
1354295221524, 1,1,1354295222342,1,98.5,Limit,1
1354295221524, 1,1,1354295222342,2,102.25,Limit,2
1354295221524, 1,1,1354295222342,1,98.25,Limit,1
1354295221524, 1,1,1354295222342,2,102.5,Limit,2
1354295221524, 1,1,1354295222350,2,100.25,Limit,2
1354295221524, 1,1,1354295222350,1,100.25,Limit,1
1354295221524, 1,1,1354295222350,2,100.5,Limit,2
1354295221524, 1,1,1354295222350,1,100.0,Limit,1
1354295221524, 1,1,1354295222350,2,100.75,Limit,2
1354295221524, 1,1,1354295222350,1,99.75,Limit,1
1354295221524, 1,1,1354295222350,2,101.0,Limit,2
1354295221524, 1,1,1354295222350,1,99.5,Limit,1
1354295221524, 1,1,1354295222350,2,101.25,Limit,2
1354295221524, 1,1,1354295222351,1,99.25,Limit,1
1354295221524, 1,1,1354295222351,2,101.5,Limit,2
1354295221524, 1,1,1354295222351,1,99.0,Limit,1
1354295221524, 1,1,1354295222351,2,101.75,Limit,2
1354295221524, 1,1,1354295222351,1,98.75,Limit,1
1354295221524, 1,1,1354295222351,2,102.0,Limit,2
1354295221524, 1,1,1354295222351,1,98.5,Limit,1
1354295221524, 1,1,1354295222351,2,102.25,Limit,2
1354295221524, 1,1,1354295222351,1,98.25,Limit,1
1354295221524, 1,1,1354295222351,2,102.5,Limit,2
1354295221523, 1,1,1354295222364,2,100.0,Limit,2
1354295221523, 1,1,1354295222364,1,100.5,Limit,1
1354295221523, 1,1,1354295222364,2,99.75,Limit,2
1354295221523, 1,1,1354295222364,1,100.75,Limit,1
1354295221523, 1,1,1354295222365,2,99.5,Limit,2
1354295221523, 1,1,1354295222365,1,101.0,Limit,1
1354295221523, 1,1,1354295222365,2,99.25,Limit,2
1354295221523, 1,1,1354295222365,1,101.25,Limit,1
1354295221523, 1,1,1354295222365,2,99.0,Limit,2
1354295221523, 1,1,1354295222365,1,101.5,Limit,1
1354295221523, 1,1,1354295222365,2,98.75,Limit,2
1354295221523, 1,1,1354295222365,1,101.75,Limit,1
1354295221523, 1,1,1354295222365,2,98.5,Limit,2
1354295221523, 1,1,1354295222365,1,102.0,Limit,1
1354295221523, 1,1,1354295222365,2,98.25,Limit,2
1354295221523, 1,1,1354295222366,1,102.25,Limit,1
1354295221523, 1,1,1354295222366,2,98.0,Limit,2
1354295221523, 1,1,1354295222366,1,102.5,Limit,1
1354295221523, 1,1,1354295222366,2,97.75,Limit,2
1354295221524, 1,1,1354295222389,2,100.25,Limit,2
1354295221524, 1,1,1354295222389,1,100.25,Limit,1
1354295221524, 1,1,1354295222389,2,100.5,Limit,2
1354295221524, 1,1,1354295222389,1,100.0,Limit,1
1354295221524, 1,1,1354295222389,2,100.75,Limit,2
1354295221524, 1,1,1354295222389,1,99.75,Limit,1
1354295221524, 1,1,1354295222389,2,101.0,Limit,2
1354295221524, 1,1,1354295222390,1,99.5,Limit,1
1354295221524, 1,1,1354295222390,2,101.25,Limit,2
1354295221524, 1,1,1354295222390,1,99.25,Limit,1
1354295221524, 1,1,1354295222390,2,101.5,Limit,2
1354295221524, 1,1,1354295222390,1,99.0,Limit,1
1354295221524, 1,1,1354295222390,2,101.75,Limit,2
1354295221524, 1,1,1354295222390,1,98.75,Limit,1
1354295221524, 1,1,1354295222390,2,102.0,Limit,2
1354295221524, 1,1,1354295222390,1,98.5,Limit,1
1354295221524, 1,1,1354295222390,2,102.25,Limit,2
1354295221524, 1,1,1354295222390,1,98.25,Limit,1
1354295221524, 1,1,1354295222391,2,102.5,Limit,2
1354295221523, 1,1,1354295222391,2,100.0,Limit,2
1354295221523, 1,1,1354295222391,1,100.5,Limit,1
1354295221523, 1,1,1354295222391,2,99.75,Limit,2
1354295221523, 1,1,1354295222392,1,100.75,Limit,1
1354295221523, 1,1,1354295222392,2,99.5,Limit,2
1354295221523, 1,1,1354295222392,1,101.0,Limit,1
1354295221523, 1,1,1354295222392,2,99.25,Limit,2
1354295221523, 1,1,1354295222392,1,101.25,Limit,1
1354295221523, 1,1,1354295222392,2,99.0,Limit,2
1354295221523, 1,1,1354295222392,1,101.5,Limit,1
1354295221523, 1,1,1354295222393,2,98.75,Limit,2
1354295221523, 1,1,1354295222393,1,101.75,Limit,1
1354295221523, 1,1,1354295222393,2,98.5,Limit,2
1354295221523, 1,1,1354295222393,1,102.0,Limit,1
1354295221523, 1,1,1354295222393,2,98.25,Limit,2
1354295221523, 1,1,1354295222393,1,102.25,Limit,1
1354295221523, 1,1,1354295222393,2,98.0,Limit,2
1354295221523, 1,1,1354295222393,1,102.5,Limit,1
1354295221523, 1,1,1354295222393,2,97.75,Limit,2
1354295221521, 1,1,1354295222395,2,100.0,Limit,2
1354295221521, 1,1,1354295222396,1,100.5,Limit,1
1354295221521, 1,1,1354295222396,2,99.75,Limit,2
1354295221521, 1,1,1354295222396,1,100.75,Limit,1
1354295221521, 1,1,1354295222396,2,99.5,Limit,2
1354295221521, 1,1,1354295222396,1,101.0,Limit,1
1354295221521, 1,1,1354295222396,2,99.25,Limit,2
1354295221521, 1,1,1354295222396,1,101.25,Limit,1
1354295221521, 1,1,1354295222396,2,99.0,Limit,2
1354295221521, 1,1,1354295222396,1,101.5,Limit,1
1354295221521, 1,1,1354295222396,2,98.75,Limit,2
1354295221521, 1,1,1354295222396,1,101.75,Limit,1
1354295221521, 1,1,1354295222397,2,98.5,Limit,2
1354295221521, 1,1,1354295222397,1,102.0,Limit,1
1354295221521, 1,1,1354295222397,2,98.25,Limit,2
1354295221521, 1,1,1354295222397,1,102.25,Limit,1
1354295221521, 1,1,1354295222397,2,98.0,Limit,2
1354295221521, 1,1,1354295222397,1,102.5,Limit,1
1354295221521, 1,1,1354295222397,2,97.75,Limit,2
1354295221524, 1,1,1354295222403,2,100.0,Limit,2
1354295221524, 1,1,1354295222404,1,100.5,Limit,1
1354295221524, 1,1,1354295222404,2,99.75,Limit,2
1354295221524, 1,1,1354295222404,1,100.75,Limit,1
1354295221524, 1,1,1354295222404,2,99.5,Limit,2
1354295221524, 1,1,1354295222404,1,101.0,Limit,1
1354295221524, 1,1,1354295222404,2,99.25,Limit,2
1354295221524, 1,1,1354295222404,1,101.25,Limit,1
1354295221524, 1,1,1354295222404,2,99.0,Limit,2
1354295221524, 1,1,1354295222404,1,101.5,Limit,1
1354295221524, 1,1,1354295222404,2,98.75,Limit,2
1354295221524, 1,1,1354295222405,1,101.75,Limit,1
1354295221524, 1,1,1354295222405,2,98.5,Limit,2
1354295221524, 1,1,1354295222405,1,102.0,Limit,1
1354295221524, 1,1,1354295222405,2,98.25,Limit,2
1354295221524, 1,1,1354295222405,1,102.25,Limit,1
1354295221524, 1,1,1354295222405,2,98.0,Limit,2
1354295221524, 1,1,1354295222405,1,102.5,Limit,1
1354295221524, 1,1,1354295222405,2,97.75,Limit,2
1354295221522, 1,1,1354295222422,2,100.25,Limit,2
1354295221522, 1,1,1354295222422,1,100.25,Limit,1
1354295221522, 1,1,1354295222422,2,100.5,Limit,2
1354295221522, 1,1,1354295222422,1,100.0,Limit,1
1354295221522, 1,1,1354295222422,2,100.75,Limit,2
1354295221522, 1,1,1354295222422,1,99.75,Limit,1
1354295221522, 1,1,1354295222423,2,101.0,Limit,2
1354295221522, 1,1,1354295222423,1,99.5,Limit,1
1354295221522, 1,1,1354295222423,2,101.25,Limit,2
1354295221522, 1,1,1354295222423,1,99.25,Limit,1
1354295221522, 1,1,1354295222423,2,101.5,Limit,2
1354295221522, 1,1,1354295222423,1,99.0,Limit,1
1354295221522, 1,1,1354295222423,2,101.75,Limit,2
1354295221522, 1,1,1354295222423,1,98.75,Limit,1
1354295221522, 1,1,1354295222423,2,102.0,Limit,2
1354295221522, 1,1,1354295222423,1,98.5,Limit,1
1354295221522, 1,1,1354295222423,2,102.25,Limit,2
1354295221522, 1,1,1354295222424,1,98.25,Limit,1
1354295221522, 1,1,1354295222424,2,102.5,Limit,2
1354295221520, 1,1,1354295222428,2,100.0,Limit,2
1354295221520, 1,1,1354295222429,1,100.5,Limit,1
1354295221520, 1,1,1354295222429,2,99.75,Limit,2
1354295221520, 1,1,1354295222429,1,100.75,Limit,1
1354295221520, 1,1,1354295222429,2,99.5,Limit,2
1354295221520, 1,1,1354295222429,1,101.0,Limit,1
1354295221520, 1,1,1354295222429,2,99.25,Limit,2
1354295221520, 1,1,1354295222429,1,101.25,Limit,1
1354295221520, 1,1,1354295222429,2,99.0,Limit,2
1354295221520, 1,1,1354295222429,1,101.5,Limit,1
1354295221520, 1,1,1354295222430,2,98.75,Limit,2
1354295221520, 1,1,1354295222430,1,101.75,Limit,1
1354295221520, 1,1,1354295222430,2,98.5,Limit,2
1354295221520, 1,1,1354295222430,1,102.0,Limit,1
1354295221520, 1,1,1354295222430,2,98.25,Limit,2
1354295221520, 1,1,1354295222430,1,102.25,Limit,1
1354295221520, 1,1,1354295222430,2,98.0,Limit,2
1354295221520, 1,1,1354295222430,1,102.5,Limit,1
1354295221520, 1,1,1354295222430,2,97.75,Limit,2
1354295221524, 1,1,1354295222432,2,100.0,Limit,2
1354295221524, 1,1,1354295222432,1,100.5,Limit,1
1354295221524, 1,1,1354295222432,2,99.75,Limit,2
1354295221524, 1,1,1354295222432,1,100.75,Limit,1
1354295221524, 1,1,1354295222432,2,99.5,Limit,2
1354295221524, 1,1,1354295222432,1,101.0,Limit,1
1354295221524, 1,1,1354295222432,2,99.25,Limit,2
1354295221524, 1,1,1354295222432,1,101.25,Limit,1
1354295221524, 1,1,1354295222432,2,99.0,Limit,2
1354295221524, 1,1,1354295222433,1,101.5,Limit,1
1354295221524, 1,1,1354295222433,2,98.75,Limit,2
1354295221524, 1,1,1354295222433,1,101.75,Limit,1
1354295221524, 1,1,1354295222433,2,98.5,Limit,2
1354295221524, 1,1,1354295222433,1,102.0,Limit,1
1354295221524, 1,1,1354295222433,2,98.25,Limit,2
1354295221524, 1,1,1354295222433,1,102.25,Limit,1
1354295221524, 1,1,1354295222433,2,98.0,Limit,2
1354295221524, 1,1,1354295222433,1,102.5,Limit,1
1354295221524, 1,1,1354295222433,2,97.75,Limit,2
1354295221522, 1,1,1354295222453,2,100.0,Limit,2
1354295221522, 1,1,1354295222454,1,100.5,Limit,1
1354295221522, 1,1,1354295222454,2,99.75,Limit,2
1354295221522, 1,1,1354295222454,1,100.75,Limit,1
1354295221522, 1,1,1354295222454,2,99.5,Limit,2
1354295221522, 1,1,1354295222454,1,101.0,Limit,1
1354295221522, 1,1,1354295222454,2,99.25,Limit,2
1354295221522, 1,1,1354295222454,1,101.25,Limit,1
1354295221522, 1,1,1354295222454,2,99.0,Limit,2
1354295221522, 1,1,1354295222454,1,101.5,Limit,1
1354295221522, 1,1,1354295222454,2,98.75,Limit,2
1354295221522, 1,1,1354295222455,1,101.75,Limit,1
1354295221522, 1,1,1354295222455,2,98.5,Limit,2
1354295221522, 1,1,1354295222455,1,102.0,Limit,1
1354295221522, 1,1,1354295222455,2,98.25,Limit,2
1354295221522, 1,1,1354295222455,1,102.25,Limit,1
1354295221522, 1,1,1354295222455,2,98.0,Limit,2
1354295221522, 1,1,1354295222455,1,102.5,Limit,1
1354295221522, 1,1,1354295222455,2,97.75,Limit,2
1354295221521, 1,1,1354295222459,2,100.25,Limit,2
1354295221521, 1,1,1354295222459,1,100.25,Limit,1
1354295221521, 1,1,1354295222459,2,100.5,Limit,2
1354295221521, 1,1,1354295222459,1,100.0,Limit,1
1354295221521, 1,1,1354295222460,2,100.75,Limit,2
1354295221521, 1,1,1354295222460,1,99.75,Limit,1
1354295221521, 1,1,1354295222460,2,101.0,Limit,2
1354295221521, 1,1,1354295222460,1,99.5,Limit,1
1354295221521, 1,1,1354295222460,2,101.25,Limit,2
1354295221521, 1,1,1354295222460,1,99.25,Limit,1
1354295221521, 1,1,1354295222460,2,101.5,Limit,2
1354295221521, 1,1,1354295222460,1,99.0,Limit,1
1354295221521, 1,1,1354295222460,2,101.75,Limit,2
1354295221521, 1,1,1354295222460,1,98.75,Limit,1
1354295221521, 1,1,1354295222460,2,102.0,Limit,2
1354295221521, 1,1,1354295222461,1,98.5,Limit,1
1354295221521, 1,1,1354295222461,2,102.25,Limit,2
1354295221521, 1,1,1354295222461,1,98.25,Limit,1
1354295221521, 1,1,1354295222461,2,102.5,Limit,2
1354295221524, 1,1,1354295222462,2,100.0,Limit,2
1354295221524, 1,1,1354295222462,1,100.5,Limit,1
1354295221524, 1,1,1354295222462,2,99.75,Limit,2
1354295221524, 1,1,1354295222462,1,100.75,Limit,1
1354295221524, 1,1,1354295222462,2,99.5,Limit,2
1354295221524, 1,1,1354295222462,1,101.0,Limit,1
1354295221524, 1,1,1354295222463,2,99.25,Limit,2
1354295221524, 1,1,1354295222463,1,101.25,Limit,1
1354295221524, 1,1,1354295222463,2,99.0,Limit,2
1354295221524, 1,1,1354295222463,1,101.5,Limit,1
1354295221524, 1,1,1354295222463,2,98.75,Limit,2
1354295221524, 1,1,1354295222463,1,101.75,Limit,1
1354295221524, 1,1,1354295222463,2,98.5,Limit,2
1354295221524, 1,1,1354295222463,1,102.0,Limit,1
1354295221524, 1,1,1354295222463,2,98.25,Limit,2
1354295221524, 1,1,1354295222463,1,102.25,Limit,1
1354295221524, 1,1,1354295222464,2,98.0,Limit,2
1354295221524, 1,1,1354295222464,1,102.5,Limit,1
1354295221524, 1,1,1354295222464,2,97.75,Limit,2
1354295221523, 1,1,1354295222471,2,100.25,Limit,2
1354295221523, 1,1,1354295222471,1,100.25,Limit,1
1354295221523, 1,1,1354295222471,2,100.5,Limit,2
1354295221523, 1,1,1354295222471,1,100.0,Limit,1
1354295221523, 1,1,1354295222471,2,100.75,Limit,2
1354295221523, 1,1,1354295222471,1,99.75,Limit,1
1354295221523, 1,1,1354295222471,2,101.0,Limit,2
1354295221523, 1,1,1354295222472,1,99.5,Limit,1
1354295221523, 1,1,1354295222472,2,101.25,Limit,2
1354295221523, 1,1,1354295222472,1,99.25,Limit,1
1354295221523, 1,1,1354295222472,2,101.5,Limit,2
1354295221523, 1,1,1354295222472,1,99.0,Limit,1
1354295221523, 1,1,1354295222472,2,101.75,Limit,2
1354295221523, 1,1,1354295222472,1,98.75,Limit,1
1354295221523, 1,1,1354295222472,2,102.0,Limit,2
1354295221523, 1,1,1354295222472,1,98.5,Limit,1
1354295221523, 1,1,1354295222472,2,102.25,Limit,2
1354295221523, 1,1,1354295222473,1,98.25,Limit,1
1354295221523, 1,1,1354295222473,2,102.5,Limit,2
1354295221523, 1,1,1354295222492,2,100.0,Limit,2
1354295221523, 1,1,1354295222492,1,100.5,Limit,1
1354295221523, 1,1,1354295222492,2,99.75,Limit,2
1354295221523, 1,1,1354295222492,1,100.75,Limit,1
1354295221523, 1,1,1354295222492,2,99.5,Limit,2
1354295221523, 1,1,1354295222492,1,101.0,Limit,1
1354295221523, 1,1,1354295222492,2,99.25,Limit,2
1354295221523, 1,1,1354295222492,1,101.25,Limit,1
1354295221523, 1,1,1354295222492,2,99.0,Limit,2
1354295221523, 1,1,1354295222493,1,101.5,Limit,1
1354295221523, 1,1,1354295222493,2,98.75,Limit,2
1354295221523, 1,1,1354295222493,1,101.75,Limit,1
1354295221523, 1,1,1354295222493,2,98.5,Limit,2
1354295221523, 1,1,1354295222493,1,102.0,Limit,1
1354295221523, 1,1,1354295222493,2,98.25,Limit,2
1354295221523, 1,1,1354295222493,1,102.25,Limit,1
1354295221523, 1,1,1354295222493,2,98.0,Limit,2
1354295221523, 1,1,1354295222493,1,102.5,Limit,1
1354295221523, 1,1,1354295222494,2,97.75,Limit,2
1354295221524, 1,1,1354295222495,2,100.0,Limit,2
1354295221524, 1,1,1354295222495,1,100.5,Limit,1
1354295221524, 1,1,1354295222495,2,99.75,Limit,2
1354295221524, 1,1,1354295222495,1,100.75,Limit,1
1354295221524, 1,1,1354295222495,2,99.5,Limit,2
1354295221524, 1,1,1354295222495,1,101.0,Limit,1
1354295221524, 1,1,1354295222495,2,99.25,Limit,2
1354295221524, 1,1,1354295222496,1,101.25,Limit,1
1354295221524, 1,1,1354295222496,2,99.0,Limit,2
1354295221524, 1,1,1354295222496,1,101.5,Limit,1
1354295221524, 1,1,1354295222496,2,98.75,Limit,2
1354295221524, 1,1,1354295222496,1,101.75,Limit,1
1354295221524, 1,1,1354295222496,2,98.5,Limit,2
1354295221524, 1,1,1354295222496,1,102.0,Limit,1
1354295221524, 1,1,1354295222496,2,98.25,Limit,2
1354295221524, 1,1,1354295222496,1,102.25,Limit,1
1354295221524, 1,1,1354295222496,2,98.0,Limit,2
1354295221524, 1,1,1354295222497,1,102.5,Limit,1
1354295221524, 1,1,1354295222497,2,97.75,Limit,2
1354295221521, 1,1,1354295222505,2,100.25,Limit,2
1354295221521, 1,1,1354295222505,1,100.25,Limit,1
1354295221521, 1,1,1354295222505,2,100.5,Limit,2
1354295221521, 1,1,1354295222505,1,100.0,Limit,1
1354295221521, 1,1,1354295222506,2,100.75,Limit,2
1354295221521, 1,1,1354295222506,1,99.75,Limit,1
1354295221521, 1,1,1354295222506,2,101.0,Limit,2
1354295221521, 1,1,1354295222506,1,99.5,Limit,1
1354295221521, 1,1,1354295222506,2,101.25,Limit,2
1354295221521, 1,1,1354295222506,1,99.25,Limit,1
1354295221521, 1,1,1354295222506,2,101.5,Limit,2
1354295221521, 1,1,1354295222506,1,99.0,Limit,1
1354295221521, 1,1,1354295222506,2,101.75,Limit,2
1354295221521, 1,1,1354295222506,1,98.75,Limit,1
1354295221521, 1,1,1354295222507,2,102.0,Limit,2
1354295221521, 1,1,1354295222507,1,98.5,Limit,1
1354295221521, 1,1,1354295222507,2,102.25,Limit,2
1354295221521, 1,1,1354295222507,1,98.25,Limit,1
1354295221521, 1,1,1354295222507,2,102.5,Limit,2
1354295221523, 1,1,1354295222513,2,100.25,Limit,2
1354295221523, 1,1,1354295222513,1,100.25,Limit,1
1354295221523, 1,1,1354295222513,2,100.5,Limit,2
1354295221523, 1,1,1354295222513,1,100.0,Limit,1
1354295221523, 1,1,1354295222513,2,100.75,Limit,2
1354295221523, 1,1,1354295222513,1,99.75,Limit,1
1354295221523, 1,1,1354295222513,2,101.0,Limit,2
1354295221523, 1,1,1354295222514,1,99.5,Limit,1
1354295221523, 1,1,1354295222514,2,101.25,Limit,2
1354295221523, 1,1,1354295222514,1,99.25,Limit,1
1354295221523, 1,1,1354295222514,2,101.5,Limit,2
1354295221523, 1,1,1354295222514,1,99.0,Limit,1
1354295221523, 1,1,1354295222514,2,101.75,Limit,2
1354295221523, 1,1,1354295222514,1,98.75,Limit,1
1354295221523, 1,1,1354295222514,2,102.0,Limit,2
1354295221523, 1,1,1354295222514,1,98.5,Limit,1
1354295221523, 1,1,1354295222514,2,102.25,Limit,2
1354295221523, 1,1,1354295222515,1,98.25,Limit,1
1354295221523, 1,1,1354295222515,2,102.5,Limit,2
1354295221521, 1,1,1354295222519,2,100.0,Limit,2
1354295221521, 1,1,1354295222519,1,100.5,Limit,1
1354295221521, 1,1,1354295222519,2,99.75,Limit,2
1354295221521, 1,1,1354295222519,1,100.75,Limit,1
1354295221521, 1,1,1354295222519,2,99.5,Limit,2
1354295221521, 1,1,1354295222519,1,101.0,Limit,1
1354295221521, 1,1,1354295222520,2,99.25,Limit,2
1354295221521, 1,1,1354295222520,1,101.25,Limit,1
1354295221521, 1,1,1354295222520,2,99.0,Limit,2
1354295221521, 1,1,1354295222520,1,101.5,Limit,1
1354295221521, 1,1,1354295222520,2,98.75,Limit,2
1354295221521, 1,1,1354295222520,1,101.75,Limit,1
1354295221521, 1,1,1354295222520,2,98.5,Limit,2
1354295221521, 1,1,1354295222520,1,102.0,Limit,1
1354295221521, 1,1,1354295222520,2,98.25,Limit,2
1354295221521, 1,1,1354295222521,1,102.25,Limit,1
1354295221521, 1,1,1354295222521,2,98.0,Limit,2
1354295221521, 1,1,1354295222521,1,102.5,Limit,1
1354295221521, 1,1,1354295222521,2,97.75,Limit,2
1354295221521, 1,1,1354295222576,2,100.25,Limit,2
1354295221521, 1,1,1354295222576,1,100.25,Limit,1
1354295221521, 1,1,1354295222576,2,100.5,Limit,2
1354295221521, 1,1,1354295222576,1,100.0,Limit,1
1354295221521, 1,1,1354295222576,2,100.75,Limit,2
1354295221521, 1,1,1354295222576,1,99.75,Limit,1
1354295221521, 1,1,1354295222577,2,101.0,Limit,2
1354295221521, 1,1,1354295222577,1,99.5,Limit,1
1354295221521, 1,1,1354295222577,2,101.25,Limit,2
1354295221521, 1,1,1354295222577,1,99.25,Limit,1
1354295221521, 1,1,1354295222577,2,101.5,Limit,2
1354295221521, 1,1,1354295222577,1,99.0,Limit,1
1354295221521, 1,1,1354295222577,2,101.75,Limit,2
1354295221521, 1,1,1354295222577,1,98.75,Limit,1
1354295221521, 1,1,1354295222578,2,102.0,Limit,2
1354295221521, 1,1,1354295222578,1,98.5,Limit,1
1354295221521, 1,1,1354295222578,2,102.25,Limit,2
1354295221521, 1,1,1354295222578,1,98.25,Limit,1
1354295221521, 1,1,1354295222578,2,102.5,Limit,2
1354295221523, 1,1,1354295222586,2,100.25,Limit,2
1354295221523, 1,1,1354295222586,1,100.25,Limit,1
1354295221523, 1,1,1354295222587,2,100.5,Limit,2
1354295221523, 1,1,1354295222587,1,100.0,Limit,1
1354295221523, 1,1,1354295222587,2,100.75,Limit,2
1354295221523, 1,1,1354295222587,1,99.75,Limit,1
1354295221523, 1,1,1354295222587,2,101.0,Limit,2
1354295221523, 1,1,1354295222587,1,99.5,Limit,1
1354295221523, 1,1,1354295222587,2,101.25,Limit,2
1354295221523, 1,1,1354295222587,1,99.25,Limit,1
1354295221523, 1,1,1354295222587,2,101.5,Limit,2
1354295221523, 1,1,1354295222588,1,99.0,Limit,1
1354295221523, 1,1,1354295222588,2,101.75,Limit,2
